3492 5500
887 528 1063 586 -1(;..

332 710 444 797 χεσάαι
477 715 605 791 161166;
642 714 761 776 deinde
788 717 892 776 verba
919 717 1054 787 sciendi,
1090 717 1316 794 interrogandi
1339 723 1401 778 ete.
1448 716 1517 779 Sed
1540 720 1625 779 mihi

332 826 465 885 videtur
485 825 567 884 nihil
590 825 747 883 interesse
770 825 867 898 quale
890 825 1029 884 verbum
1053 825 1283 883 enuntiationis
1307 826 1365 884 rel.
1389 827 1440 884 sit.

439 933 613 991 Praeterea
647 948 750 1006 paene
785 932 936 990 omnibus
971 932 1130 1006 exemplis
1164 938 1301 1007 apparet
1334 949 1515 1008 pronomen
1548 936 1625 993 loco

333 1040 453 1098 obiecti
488 1038 576 1113 quod
610 1038 732 1097 dicitur
766 1039 883 1096 directi
918 1039 1059 1112 positum
1094 1054 1175 1096 esse.
1222 1037 1287 1097 Sed
1321 1041 1511 1114 excipiendi
1545 1048 1625 1099 sunt

334 1147 448 1204 decem
471 1146 544 1215 loci,
569 1162 707 1219 qnorum
731 1147 805 1215 duc,
829 1138 1033 1215 161532Ε,
1058 1145 1159 1221 Legg.
1183 1138 1246 1203 921
1265 1146 1303 1215 A,
1328 1147 1404 1204 huic
1419 1148 1537 1222 generi
1553 1165 1624 1206 non

333 1258 423 1312 recte
458 1253 730 1323 adnumerantur,
772 1253 830 1311 ubi
863 1253 969 1310 verba
1002 1252 1227 1327 interrogandi
1263 1258 1296 1310 61
1318 1254 1499 1312 mentiendi
1523 1255 1625 1313 binos

334 1361 538 1420 accusativos
563 1365 695 1436 regunt:
719 1359 802 1418 illud
825 1359 872 1417 ibi
895 1358 1059 1417 obiectum
1083 1363 1259 1417 attractum
1282 1364 1331 1417 est
1346 1360 1434 1433 quod
1450 1361 1624 1419 notionem

333 1467 381 1525 rei
406 1466 579 1543 significat.
618 1467 673 1524 Bis
689 1466 897 1524 accusativus
920 1471 993 1540 post
1015 1466 1154 1523 verbum
1177 1460 1353 1541 ψεύδεσθαι
1376 1467 1409 1523 11
1432 1467 1623 1542 genitivum

333 1573 425 1645 abiit,
461 1573 555 1649 Apol.
582 1568 620 1631 17
634 1573 673 1643 A,
708 1573 810 1648 Legg.
834 1566 896 1630 921
920 1572 949 1630 A
984 1568 1097 1647 (supra
1131 1570 1426 1649 commemoratus).
1472 1574 1622 1650 Figurae

333 1681 570 1757 etymologicae
594 1681 675 1738 haec
704 1680 856 1753 exempla
884 1680 1065 1754 reperimus
1087 1677 1189 1755 Legg.
1216 1673 1280 1737 154
1295 1679 1324 1737 D
1347 1676 1546 1757 γραμμάτων
1571 1674 1623 1739 ὦν

333 1785 372 1847 ἀν
395 1783 568 1866 ἀπογράψῃ
593 1792 626 1846 61
648 1787 734 1844 Ρ161.
770 1779 877 1845 3130
900 1781 1074 1863 ἀγωγίμων
1097 1778 1145 1844 ὧν
1168 1781 1287 1861 ἄγουσι,
1322 1802 1386 1860 quo
1421 1787 1492 1845 loco
1523 1804 1623 1845 voca·

332 1897 447 1956 bulum
468 1890 642 1972 ἀγωγίμων
665 1894 753 1968 quod
776 1894 819 1951 ad
842 1892 1031 1968 primariam
1059 1893 1202 1966 pertinet
1229 1893 1263 1950 in
1292 1893 1523 1952 secundariam
1546 1911 1621 1952 sen-

332 2003 467 2062 tentiam
501 2002 694 2060 translatum
717 2006 776 2060 est.
822 2000 951 2074 Reliqui
985 2016 1064 2058 vero
1099 2005 1174 2057 sunt
1208 2000 1351 2074 quinque
1385 2001 1459 2070 loci,
1494 2001 1621 2074 quibus

332 2126 451 2168 nomen
475 2125 592 2185 regens
616 2126 659 2166 ex
682 2108 798 2166 eadem
831 2108 944 2166 radice
968 2124 1007 2165 ac
1030 2107 1168 2165 verbmn
1203 2107 1363 2165 enuntiati
1398 2107 1454 2165 rel.
1480 2107 1622 2165 ductum

332 2223 396 2276 est:
420 2222 537 2290 quater
559 2231 738 2290 pronomen
754 2214 891 2288 pluralis
906 2214 1032 2272 numeri
1050 2220 1113 2272 est:
1138 2207 1368 2284 1661118811,
1394 2212 1492 2289 Gorg.
1505 2208 1572 2273 471
1593 2215 1621 2273 E
1700 2208 1701 2219 ’

333 2319 438 2402 λόγων
461 2315 509 2381 ὧν
531 2318 622 2398 λέγω,
646 2321 714 2379 161.
739 2314 846 2378 53811
870 2316 957 2378 ἐπῶν
980 2313 1028 2378 ὧν
1050 2314 1145 2388 εἷπον,
1173 2319 1294 2378 Phaed.
1319 2314 1362 2378 60
1378 2320 1407 2378 D
1429 2316 1622 2397 ποιημάτων
1700 2328 1701 2397 ζ

335 2423 383 2490 ὥν
405 2430 506 2502 ποιῶ,·
530 2430 632 2488 semel
653 2434 780 2487 tantum
803 2443 982 2502 pronomen
998 2433 1047 2485 est
1063 2427 1249 2503 singularis,
1274 2420 1533 2497 0116111155Β,
1557 2429 1622 2486 ubi

333 2538 491 2613 prolepsis
514 2553 580 2595 una
603 2552 677 2595 cum
701 2536 894 2594 attractione
918 2535 1065 2593 adhibita
1088 2539 1147 2593 est.
1180 2534 1276 2594 Hunc
1291 2550 1369 2593 vero
1392 2535 1500 2592 locum
1517 2534 1621 2593 valde
1700 2552 1701 2623 γ

335 2645 448 2703 dubito
471 2660 550 2702 num
572 2644 634 2701 hoc
656 2643 753 2700 modo
777 2642 950 2717 explicem.
989 2642 1131 2700 Facilior
1146 2642 1233 2700 enim
1249 2658 1288 2700 ao
1304 2641 1420 2700 melior
1442 2657 1513 2699 esse
1535 2641 1622 2699 mihi

332 2753 465 2811 videtur
487 2750 712 2827 interpretatio
736 2749 939 2821 Stallbaumi,
975 2749 1031 2823 qui
1066 2749 1162 2808 docet
1194 2744 1267 2826 περί
1292 2747 1569 2823 praepositionem
1601 2767 1620 2807 e

334 2865 489 2918 contextu
513 2859 728 2933 supplendam
756 2875 837 2917 esse.
885 2857 974 2933 Quae
1008 2857 1233 2931 interpretatio
1269 2849 1297 2913 si
1329 2860 1420 2913 recta
1451 2860 1516 2925 est,
1552 2856 1620 2914 hoc

333 2966 520 3040 exemplum
553 2981 619 3022 non
653 2965 688 3023 in
715 2981 851 3023 numero
884 2969 1097 3022 attractorum
1120 2963 1306 3038 ponendum
1339 2968 1390 3020 661
1413 2962 1471 3020 sed
1500 2977 1620 3021 eorum

334 3088 417 3145 quae
441 3072 476 3129 in
499 3070 606 3145 capite
630 3070 743 3144 quinto
767 3071 926 3129 tractabo.

441 3177 546 3237 Semel
581 3182 709 3236 tantum
743 3193 921 3252 pronomen
956 3177 1013 3235 rel.
1039 3177 1134 3235 simul
1163 3176 1317 3236 infinitivi
1345 3176 1529 3234 subiectum
1552 3182 1618 3246 est,

333 3283 403 3344 Ion.
425 3278 491 3343 535
507 3286 544 3356 Ε,
568 3285 624 3358 qui
647 3285 738 3344 locus
762 3285 907 3344 dubitari
930 3289 1036 3360 potest
1058 3301 1101 3343 an
1125 3289 1296 3358 corruptus
1320 3284 1371 3341 sit.
1405 3283 1489 3341 Nam
1510 3285 1620 3341 multo

333 3393 462 3470 longior
484 3399 582 3466 atque
605 3392 783 3451 6611611161
805 3398 854 3451 661
883 3392 1062 3451 enuntiatio
1090 3392 1147 3451 rel.
1175 3391 1330 3449 hocloco
1359 3406 1457 3464 quam
1484 3390 1619 3459 ceteris,

334 3516 409 3558 cum
425 3500 599 3558 duodecim
613 3500 783 3558 vocabulis
799 3505 936 3558 constet.
972 3499 1110 3558 Accedit
1133 3499 1221 3572 quod
1244 3513 1423 3573 pronomen
1440 3496 1619 3555 masculini

334 3607 465 3683 generis
489 3612 547 3677 est,
572 3607 606 3665 in
630 3607 718 3680 quod
741 3607 893 3664 attractio
917 3622 990 3665 raro
1014 3608 1113 3665 cadit.

441 3713 546 3773 Semel
563 3719 699 3789 apparet
715 3714 865 3772 attractio
883 3730 957 3772 cum
973 3715 1114 3789 prolepsi
1137 3714 1320 3782 coniuncta,
1345 3713 1380 3771 id
1404 3712 1492 3786 quod
1515 3711 1618 3770 facile

335 3820 494 3896 explicari
523 3825 638 3896 potest.
686 3820 765 3880 Cum
789 3821 877 3879 enim
900 3821 1059 3896 prolepsis
1082 3821 1230 3878 adhibita
1252 3821 1309 3891 sit,
1333 3836 1399 3893 qua
1422 3819 1529 3895 ligura
1551 3819 1619 3877 fre-

334 3927 545 4001 quentissime
568 3944 629 3986 usa
652 3933 701 3986 est
716 3928 830 4003 lingua
846 3926 973 3986 Graeca
989 3943 1027 3985 eo
1043 3928 1188 3997 consili0‚
1212 3934 1249 3986 ut
1264 3944 1382 3985 nomen
1397 3926 1521 3984 maiore
1538 3941 1618 3984 cum

333 4035 369 4092 vi
391 4035 667 4109 pronuntiaretur,
702 4050 880 4109 pronomen
915 4035 1003 4109 quod
1034 4051 1122 4094 nnnc
1152 4035 1276 4093 nomini
1309 4033 1438 4109 regenti
1461 4032 1618 4107 proprius

334 4144 473 4201 accessit
506 4142 604 4200 facile
634 4142 677 4200 ad
710 4142 772 4199 hoc
806 4142 947 4201 trahitur
970 4142 1104 4216 eiusque
1127 4158 1240 4202 casum
1263 4157 1322 4216 per
1346 4138 1617 4198 assimilationem

333 4249 450 4307 induit.

440 4355 566 4414 Deinde
589 4372 707 4414 nornen
730 4356 905 4431 primariae
929 4358 1108 4417 sententiae
1131 4358 1165 4416 in
1189 4355 1417 4415 secundariam
1441 4354 1489 4413 sic
1511 4360 1617 4412 trans·

334 4461 414 4521 ferri
437 4463 528 4533 solet,
553 4468 589 4521 ut
613 4479 724 4522 casum
747 4481 812 4522 non
835 4466 939 4523 solum
962 4466 1069 4540 ipsum
1098 4471 1207 4524 servet
1236 4465 1294 4522 sed
1323 4464 1422 4521 etiam
1444 4478 1519 4520 cum
1542 4477 1617 4535 pro·

333 4570 465 4628 nomine
489 4570 715 4628 communicet.
761 4570 896 4630 Duobus
924 4578 1032 4630 autem
1061 4573 1141 4631 locis
1170 4588 1289 4630 nomen
1318 4586 1393 4628 cum
1416 4568 1554 4627 articulo
1580 4569 1616 4626 in
1700 4573 1701 4576 ’

334 4676 530 4736 sententiam
552 4678 610 4734 rel.
634 4678 828 4736 translatum
850 4678 1012 4749 videmus,
1036 4677 1135 4755 Gorg.
1159 4672 1225 4736 469
1241 4678 1280 4749 A,
1305 4676 1401 4751 Soph.
1425 4669 1490 4733 246
1507 4673 1547 4747 03
1580 4675 1617 4733 id
1700 4679 1701 4762 l

334 4784 422 4859 quod
445 4791 533 4842 reete
557 4784 715 4858 appellari
742 4790 849 4859 potest
876 4786 1094 4860 transpositio.
1140 4785 1203 4860 Qui
1237 4785 1300 4842 loci
1335 4782 1534 4860 adsignandi
1567 4782 1617 4840 vi·
1700 4779 1701 4788 ’
