3492 5500
826 511 1005 576 „33-

381 703 569 767 Enuntiatio
585 707 643 765 rel.
656 706 889 766 additamentis
905 678 1088 781 pronomini
1104 705 1242 765 relativo
1255 705 1392 766 adiectis
1404 713 1561 784 augetur:

275 813 397 875 Criton.
416 792 515 872 5οᾹ
537 809 714 892 ἐμμένομεν
737 808 783 878 οἷς
806 807 1059 890 ὡμολογήσαμεν
1082 808 1213 878 δικαίοις
1236 806 1323 872 οὖσιν
1346 811 1366 892 ἢ
1390 810 1447 885 oin·

275 919 361 980 Orat.
410 914 515 979 421A
537 915 657 997 μᾶλλον
680 914 715 977 δὲ
737 916 777 977 ἂν
799 912 877 976 αὐτὸ
900 914 1005 996 γνοίης
1028 914 1061 976 ἒν
1081 911 1307 996 ῴλὲγομεντὸ
1322 915 1559 998 ὀνομαστόνῑῗ.

381 1044 461 1106 Cum
488 1045 640 1119 exempla
666 1044 738 1119 ipsa
764 1049 840 1102 ante
867 1044 979 1102 oculos
999 1044 1189 1114 habeamus,
1217 1061 1393 1121 pergamus
1416 1045 1560 1104 indolem

274 1168 386 1212 eorum
409 1152 618 1228 perscrutari,
654 1151 689 1209 id
713 1151 801 1225 quod
824 1148 998 1225 perpaucis
1030 1151 1142 1208 verbis
1172 1151 1286 1225 perfici
1313 1158 1429 1226 potest.
1474 1151 1559 1210 Nam

273 1275 352 1318 usus
374 1258 519 1318 Platonis
553 1258 671 1318 hocin
697 1275 818 1335 genere
837 1258 1057 1316 'attractionis
1091 1258 1283 1332 plerumque
1318 1258 1462 1317 concinit
1483 1274 1559 1316 cum

274 1383 312 1424 eo
337 1354 433 1440 quem
457 1367 565 1441 priore
589 1362 696 1440 eapite
720 1350 977 1423 observavimus.

380 1473 525 1531 Primum
549 1472 590 1530 de
614 1472 720 1531 forma
742 1470 943 1545 pronominis
967 1471 1026 1528 rel.
1050 1471 1111 1529 hoo
1135 1470 1267 1540 adnoto,
1284 1465 1331 1535 οἷς
1354 1471 1490 1546 reperiri
1505 1471 1558 1529 bis

273 1583 306 1637 et
330 1580 538 1655 quadragies,
562 1569 592 1655 ᾤ
615 1578 785 1648 terdecies,
821 1571 871 1642 οἷς
895 1582 955 1648 ter,
990 1568 1012 1655 ᾖ
1035 1582 1161 1650 quater,
1179 1593 1316 1650 quorum
1332 1564 1558 1652 exemplorum

272 1685 307 1743 in
329 1701 464 1744 numero
487 1679 537 1750 οἷς
558 1684 610 1742 bis
634 1688 770 1758 apparet
793 1671 828 1741 in
851 1684 899 1741 eis
924 1683 1104 1753 sententiis,
1129 1684 1163 1741 in
1179 1684 1298 1757 quibus
1315 1684 1557 1743 substantivum

272 1791 306 1849 in
330 1791 534 1850 enuntiatum
556 1791 615 1849 rel.
640 1791 834 1849 translatum
867 1797 918 1847 est
941 1790 1093 1847 omnibus
1116 1789 1349 1848 additamentis
1372 1791 1556 1865 spoliatum,

272 1898 319 1956 ita
349 1904 386 1956 ut
419 1914 516 1972 quam
549 1897 846 1972 incorporationem
883 1896 954 1953 dixi
990 1895 1163 1961 efficiatur.
1209 1896 1300 1954 Idem
1324 1897 1434 1954 evenit
1457 1897 1556 1954 etiam

272 2005 306 2062 in
330 2004 436 2063 forma
457 1997 489 2083 ᾗ.
1347 2007 1350 2011 ’

379 2109 538 2170 Omnibus
554 2116 663 2169 autem
679 2110 759 2169 loeis
775 2104 900 2168 formae
916 2105 1166 2185 &pronominis
1183 2110 1370 2198 attractioni
1389 2110 1556 2168 subiectae

273 2223 349 2276 sunt
371 2222 503 2292 praeter
525 2233 637 2289 unum,
659 2217 728 2275 Pol.
753 2210 862 2288 396n,
887 2218 952 2290 'quo
975 2217 1026 2274 vis
1050 2217 1253 2275 attractionis
1277 2204 1466 2291 pronomine
1489 2211 1557 2281 οἷος

273 2325 378 2400 potita
401 2341 472 2384 esse
495 2324 637 2383 videtur.
671 2323 832 2382 Notabilis
856 2329 906 2381 est
929 2324 1029 2393 locus,
1047 2322 1134 2396 quod
1158 2323 1320 2381 sententia
1343 2324 1401 2382 rel.
1417 2324 1557 2398 amplior

273 2436 322 2489 est
345 2447 443 2505 qnam
466 2447 550 2505 quae
573 2430 760 2489 attractioni
784 2435 861 2504 apta
882 2430 924 2487 sit
947 2435 980 2488 et
1003 2430 1092 2503 qued
1115 2430 1168 2487 hic
1196 2425 1244 2503 (id
1267 2430 1356 2503 quod
1378 2431 1466 2488 nullo
1490 2429 1555 2488 alio

274 2538 347 2595 loco
381 2539 506 2596 factum
541 2532 602 2611 est)
637 2552 815 2611 pronomen
850 2530 917 2601 οἷος
951 2551 1029 2594 casu
1063 2541 1188 2594 mutato
1223 2535 1266 2592 ad
1294 2552 1412 2594 nomen
1436 2551 1554 2612 regens

272 2644 520 2702 accomodatum
542 2650 592 2702 est
605 2638 628 2702 ⁸.
1367 2650 1369 2652 ’

378 2745 505 2811 Deinde
541 2752 654 2828 generi
689 2752 797 2811 neutri
833 2750 982 2809 adhibita
1015 2756 1065 2809 est
1093 2750 1245 2809 attractio
1269 2749 1373 2808 dativi
1395 2743 1554 2824 421005s,

249 2859 452 2918 masculino
477 2853 528 2930 13,
553 2859 708 2917 feminino
732 2852 763 2917 8.
801 2859 923 2917 Eorum
946 2865 1056 2917 autem
1079 2859 1314 2932 exemplorum,
1338 2859 1457 2931 quibus
1471 2872 1555 2915 mas-

272 2964 417 3024 culinum
441 2966 626 3024 continetur
648 2966 795 3023 indicant
818 2959 839 3021 4
862 2965 926 3023 1οοί
949 2965 1113 3023 notionem
1136 2980 1306 3040 personae.

378 3070 541 3130 Numerus
563 3071 699 3147 pluralis
722 3071 889 3129 invenitur
908 3072 1081 3145 quinquies
1097 3076 1130 3129 et
1145 3071 1353 3147 quadragies,
1378 3071 1554 3147 singularis

273 3151 493 3237 duodecicies.
522 3177 738 3237 Confirmatur
749 3177 851 3254 igitur
863 3178 960 3251 quod,
978 3194 1077 3253 supra
1093 3195 1124 3252 p.
1137 3172 1180 3235 32
1193 3195 1226 3236 n.
1242 3183 1357 3235 eontra
1371 3172 1554 3235 Reisertum

273 3285 382 3356 statili,
406 3301 477 3345 esse
501 3286 626 3360 aliquid
648 3285 804 3344 momenti
827 3286 860 3343 in
890 3301 1035 3344 numero.

378 3391 492 3466 Neque
515 3393 623 3451 minus
646 3393 735 3465 quod
758 3393 865 3467 capite
889 3392 994 3467 primo
1018 3391 1059 3450 de
1082 3392 1193 3450 verbis
1216 3392 1250 3450 in
1282 3390 1458 3450 enuntiatis
1481 3391 1553 3449 rell.

275 3498 383 3557 allatis
407 3499 613 3568 dictumest,
637 3500 671 3557 in
694 3500 756 3558 hoe
779 3500 888 3573 capite
912 3500 1115 3557 observatur.
1418 3486 1420 3490 ’

379 3605 503 3682 Figura
526 3606 746 3682 etymologica
768 3622 843 3664 oum
866 3606 1061 3664 attractione
1092 3611 1142 3664 ter
1167 3607 1309 3665 sociatur
1332 3604 1454 3665 Criton.
1472 3596 1554 3663 500

273 3706 374 3777 δίκαις
385 3706 434 3777 οἷς
445 3709 485 3769 ἂν
501 3725 520 3760 r
545 3725 565 3760 s
586 3707 697 3790 δικάζῃ
704 3731 716 3783 ;
739 3712 816 3770 Prot
831 3706 932 3770 3591)
949 3706 996 3777 οἷς
1012 3725 1032 3760 r
1053 3707 1153 3789 ἔλεγες
1175 3714 1239 3778 τοῖς
1260 3706 1381 3789 λόγοις
1404 3710 1552 3786 Hipp.II.

272 3811 374 3877 369n
397 3815 481 3876 ἔπεσι
504 3813 551 3883 οἷς
578 3832 598 3867 s
622 3832 642 3867 e
662 3814 770 3907 ἔλεγες.
817 3817 907 3892 Quae
942 3820 1094 3894 exempla
1128 3803 1325 3878 monendum
1360 3824 1410 3876 est
1444 3818 1554 3876 omnia

272 3925 409 4000 pluralis
432 3926 560 3984 numeri
584 3942 665 3984 esse.

380 4031 486 4091 Semel
509 4033 736 4091 attractionem
760 4032 861 4091 subiit
883 4048 1062 4107 pronomen
1085 4034 1154 4104 rel,
1185 4033 1239 4091 eui
1268 4032 1452 4090 attributivi
1481 4031 1552 4089 loco

273 4137 480 4197 adieetivum*
496 4145 529 4198 et
550 4139 759 4215 participium
782 4140 912 4198 adiecta
928 4145 1013 4198 sunt.
1045 4139 1150 4199 Locus
1166 4145 1216 4198 est
1232 4138 1352 4198 Criton.
1376 4132 1471 4209 50A,
1494 4137 1553 4196 nbi

372 4396 383 4434 ¹
402 4397 512 4453 Omnes
532 4398 664 4453 editores
683 4398 847 4454 emendant
860 4400 893 4453 οὗ
903 4398 997 4467 μάσμα
1010 4398 1087 4464 ἐστίν,
1106 4399 1149 4453 ita
1162 4402 1196 4452 ut
1207 4397 1369 4452 difficultas
1379 4400 1495 4451 remota
1505 4395 1552 4452 sit

370 4485 583 4542 ²Reiciendus
613 4492 658 4542 est
685 4486 770 4543 locus
789 4488 913 4544 Theaet.
933 4488 986 4543 193
995 4488 1031 4557 D,
1061 4503 1121 4558 quo
1140 4488 1281 4542 meliores
1300 4485 1421 4540 codices
1438 4485 1476 4544 ὡς
1496 4499 1553 4554 pro

274 4575 473 4647 qipraebent.

375 4662 387 4700 θ
405 4664 487 4720 Huic
506 4666 572 4720 loco
592 4666 676 4722 addit
686 4665 809 4736 Bekker
826 4669 885 4722 οἵαν
898 4689 913 4728 ς
926 4682 988 4737 qua
1000 4671 1075 4722 nota
1094 4666 1257 4722 editionem
1271 4659 1416 4735 Stephani
1429 4662 1553 4718 indicat.

270 4753 330 4810 Sed
349 4752 412 4808 Ast
431 4755 558 4810 adnotat
576 4777 617 4826 γρ.
637 4760 695 4811 οΐαν
713 4758 815 4811 nescio
836 4772 897 4827 qua
916 4759 1097 4812 auctoritate
1116 4761 1227 4810 motus.
