3492 5500
880 485 1057 545 ..48-

434 677 559 743 Ultima
592 676 744 743 columna
777 675 904 736 indicat
936 681 1017 752 quot
1050 692 1094 736 ex
1116 675 1264 736 centenis
1286 677 1447 754 exemplis
1470 682 1626 739 atuaota

329 790 404 850 sint.
449 787 492 847 Hi
520 792 629 847 autem
658 783 786 845 numeri
813 783 951 843 mirilico
980 784 1077 842 modo
1099 784 1286 854 concinunt,
1321 785 1385 843 nisi
1408 787 1497 861 apud
1521 787 1626 846 Euri-

329 897 449 972 pidem,
479 894 536 969 qui
559 892 787 952 attractionem
809 890 931 949 vitasse
954 889 1087 949 videtur
1095 886 1117 948 ¹.
1162 889 1228 949 Sed
1249 892 1348 950 valde
1376 893 1478 951 miror
1511 893 1624 968 quod,

329 1018 403 1062 cum
427 1000 524 1077 apud·
538 999 726 1067 Homerum,
749 996 940 1067 Hesiodum,
964 997 1139 1072 scriptores
1161 998 1401 1057 vetustissimos
1422 999 1547 1073 lyricos
1577 1016 1625 1058 ne

328 1125 430 1170 uuum
453 1107 587 1182 quidem
610 1105 798 1180 exemplum
821 1104 918 1163 huius
941 1104 1147 1162 attractionis
1169 1103 1367 1176 inveniatur,
1390 1106 1498 1164 subito
1523 1107 1624 1181 apud
1645 1181 1651 1188 ·

329 1214 528 1289 Aeschylum
552 1218 585 1271 et
601 1211 803 1272 Herodotum
827 1216 876 1269 tot
897 1211 1050 1284 exempla
1073 1215 1205 1268 exstant
1228 1217 1307 1284 quot
1330 1227 1389 1287 pro
1412 1218 1505 1287 parte
1523 1213 1623 1288 apud

332 1321 507 1397 scriptores
530 1325 638 1379 aetate
660 1319 866 1395 posteriores.
890 1317 990 1391 Atqui
1013 1317 1166 1376 Eoerster
1188 1318 1393 1378 attractionis
1415 1335 1510 1379 usum
1536 1326 1623 1378 ante

331 1430 531 1505 Aeschylum
565 1428 691 1487 nullum
726 1442 797 1485 esse
821 1420 1088 1485 demonstravit&
1134 1425 1249 1499 ltaque
1271 1425 1473 1485 Bohlmanno
1496 1427 1623 1486 adsen-

331 1538 404 1608 tior,
440 1536 496 1612 qui
531 1535 611 1594 dicit
644 1535 679 1593 iu
712 1533 916 1609 praefatione
953 1532 1068 1607 „copia
1090 1533 1169 1591 satis
1192 1533 1302 1607 ampla
1323 1532 1481 1592 Herodoti
1503 1550 1622 1592 exem·

331 1644 460 1719 plorum
493 1647 644 1717 reputata
673 1655 849 1715 eorumque
879 1645 998 1698 natura
1020 1645 1053 1698 ct
1075 1628 1185 1698 indole
1215 1655 1289 1699 cum
1312 1639 1487 1715 Aeschylo,
1522 1647 1622 1701 vetu-

332 1751 473 1810 stissimo
507 1749 593 1808 iuter
620 1753 733 1823 poetas
756 1746 961 1805 attractionis
992 1752 1086 1816 teste,
1121 1746 1241 1816 collata
1263 1746 1352 1806 haud
1374 1747 1494 1807 iniuria
1516 1748 1622 1806 nobis

333 1857 483 1918 conicere
517 1856 641 1927 licebit,
677 1855 743 1913 iam
778 1860 853 1913 ante
877 1853 1080 1912 Herodotum
1110 1854 1198 1928 apud
1232 1855 1397 1928 prosaicos
1432 1855 1621 1915 obtinuisse

328 1957 417 2024 'hanc
441 1964 573 2023 dicendi
596 1958 788 2021 rationem“.
1607 1960 1609 1963 ’

438 2070 552 2144 Neque
587 2070 620 2128 in
656 2069 782 2127 ambitu
816 2067 1077 2126 enuntiationum
1100 2067 1170 2126 rell.
1195 2067 1325 2144 longius
1347 2083 1540 2143 progressus
1564 2075 1620 2131 est

332 2193 412 2238 usus
434 2176 622 2236 Platonicus
645 2191 744 2250 qnam
767 2174 1014 2249 Thucydideus,
1037 2180 1075 2233 ut
1097 2174 1211 2274 tabula
1234 2175 1338 2233 altera
1360 2174 1531 2234 indicabit.

581 2309 732 2366 Auctores
876 2310 1051 2363 Enuntiatio
1071 2309 1200 2364 relativa
1220 2315 1374 2365 constate

1051 2398 1209 2453 vocabulis

545 2603 728 2679 Aeschylus

549 2710 723 2788 Sophocles
760 2697 762 2701 ’
815 2698 818 2704 ’

514 2845 516 2850 ⁴
546 2819 720 2895 Euripides

546 2926 781 3000 Aristophanes

546 3032 730 3091 Herodotus

547 3138 759 3214 Thucydides

546 3247 712 3322 Antiphon

547 3354 734 3416 Andocides

546 3461 662 3536 Lysias

441 3755 452 3794 ¹
469 3758 568 3811 Huius
587 3754 810 3825 discrepantiae
828 3768 934 3808 veram
954 3768 1085 3822 eausam,
1104 3769 1173 3809 mea
1192 3756 1349 3824 sententia,
1370 3756 1513 3826 exposuit
1525 3754 1616 3812 Foer·

334 3853 396 3903 ster
414 3864 443 3918 p.
462 3848 505 3903 77.
536 3845 632 3916 „Illud
650 3859 745 3898 unum
765 3842 928 3897 dicendum
949 3849 995 3898 est
1013 3847 1115 3897 aetate
1134 3842 1185 3897 illa
1203 3845 1415 3900 attractionem
1428 3851 1615 3900 structuram

334 3925 446 3991 novam
474 3935 670 4004 nondumque
689 3936 866 3987 consuetam
886 3932 988 4000 tuisse,
1016 3933 1114 4003 magis
1133 3939 1235 3988 autern
1254 3929 1407 4003 arreptam
1426 3949 1445 3987 a
1463 3932 1615 4004 Sophocle

331 4040 426 4097 quarn
445 4025 484 4079 ab
497 4023 643 4094 Euripide
662 4023 714 4093 qui
733 4036 954 4089 nonnunquam
972 4021 1026 4075 ubi
1045 4037 1083 4075 ea
1101 4021 1146 4076 uti
1165 4028 1267 4093 posset
1280 4028 1414 4078 veterem
1428 4028 1615 4078 structuram

334 4116 465 4169 retinere
487 4112 654 4168 maluerit“.
692 4111 735 4167 cf.
754 4109 934 4180 Bernhardy
953 4109 1037 4180 Synt.
1063 4128 1092 4180 p.
1112 4112 1146 4165 13
1165 4110 1269 4179 „Ganz
1288 4112 1488 4167 verschieden
1508 4114 1546 4167 ist
1565 4114 1615 4167 die

334 4203 507 4259 Schreibart
526 4202 579 4257 des
597 4200 766 4271 Euripides,
795 4200 849 4255 der
868 4199 974 4267 himin,
1000 4200 1056 4254 wie
1075 4201 1107 4253 in
1126 4200 1181 4255 der
1200 4201 1423 4256 dramatischen
1441 4200 1532 4256 Fortu
1550 4203 1615 4257 und

333 4292 543 4362 Ausiiihrung‚
563 4290 729 4344 auilallend
748 4287 810 4343 sich
829 4304 900 4342 vom
919 4288 1163 4358 hergebrachten
1182 4288 1291 4360 Gange
1310 4291 1489 4346 entierute.“

440 4380 531 4451 Apud
549 4378 737 4435 Andocidem
757 4379 845 4448 copia
864 4377 1072 4447 exemplorum
1091 4379 1179 4434 nimis
1198 4380 1313 4449 exigua
1332 4386 1385 4447 est,
1404 4386 1439 4434 ut
1456 4381 1531 4435 nihil
1544 4381 1615 4435 inde

335 4472 414 4528 effici
434 4474 533 4541 queat.
873 4540 875 4544 .

439 4558 452 4597 ²
471 4576 499 4629 p.
518 4559 562 4614 43.
599 4557 718 4629 „Atque
745 4561 780 4611 ut
809 4564 957 4611 summam
980 4557 1073 4611 totius
1092 4557 1305 4628 disputationis
1324 4559 1412 4614 brevi
1430 4559 1614 4629 praecidam,

335 4650 417 4721 quod
443 4651 503 4704 iarn
531 4653 603 4703 ante
630 4648 685 4702 hos
714 4647 791 4701 duos
819 4661 917 4699 annos
945 4645 1157 4702 dissertatione
1184 4663 1252 4702 mea
1280 4648 1319 4703 de
1347 4649 1537 4703 attractionis
1556 4663 1616 4704 usu

333 4739 503 4811 Aeschyleo
522 4738 635 4808 scripta
653 4752 682 4807 p.
701 4736 716 4790 1
737 4735 897 4802 ailirmavi,
921 4734 1011 4789 huius
1030 4737 1218 4791 attractionis
1237 4736 1377 4808 exempla
1395 4739 1427 4792 in
1445 4738 1615 4793 litterarum
