3492 5500
605 1328 885 1414 Sententiae
913 1331 1269 1415 controversae.
1297 1317 1302 1326 ’

355 1659 382 1717 Ι.
405 1657 561 1719 Codicum
577 1657 850 1718 Terentianorum
865 1664 997 1734 praeter
1012 1659 1207 1720 Bembinum
1222 1661 1378 1719 maiorem
1399 1661 1443 1719 ad
1465 1677 1585 1720 verum

406 1771 534 1825 textum
557 1765 821 1825 constituendum
843 1765 1072 1825 auctoritatem
1088 1767 1187 1825 hebet
1201 1765 1368 1826 Parisinus
1391 1763 1441 1843 (P)
1464 1769 1584 1827 tertiae

406 1889 492 1948 quoe
515 1873 636 1932 dicitur
658 1872 803 1932 familiae
827 1888 927 1947 quem
944 1873 1154 1933 Victorianus
1178 1868 1231 1947 (D)
1253 1879 1286 1932 et
1300 1873 1499 1933 Decurtetus
1515 1869 1584 1950 (G).

340 2017 383 2077 ΙΙ.
406 2018 503 2076 Erret
525 2017 725 2076 Fritnschins
741 2032 815 2075 cum
832 2015 975 2074 efflmet
989 2015 1171 2076 Lucienum
1186 2016 1358 2093 Fugitivos
1373 2022 1406 2074 et
1421 2016 1583 2092 Cynicum

406 2123 573 2200 dialogum
595 2129 769 2198 utrumque
792 2139 858 2183 non
881 2123 1026 2198 potuisse
1050 2123 1204 2182 scribere.

325 2264 543 2329 III.'Hesiodi
571 2263 714 2340 Operum
748 2271 782 2325 et
815 2265 948 2324 Dictum
983 2281 1099 2325 versus
1137 2259 1311 2324 loo-173
1346 2282 1366 2323 a
1400 2226 1582 2325 recentiore

406 2372 565 2448 scriptore
588 2377 676 2431 ortos
699 2388 770 2432 esse
786 2388 861 2432 cum
878 2372 1080 2431 Kirchhoffio
1097 2372 1236 2431 affirmo.
1271 2366 1582 2449 V.1741egendum

407 2485 457 2538 est
478 2474 643 2557 τετράτοισι
666 2495 726 2554 pro
748 2480 923 2556 πεμπτοῖσι.

326 2621 381 2681 IV.
406 2621 537 2681 Terent.
560 2622 705 2681 Andriae
728 2638 761 2682 ν.
784 2616 825 2681 51
852 2623 960 2681 scribe

511 2729 596 2789 Nom
619 2730 647 2789 is
670 2736 842 2806 postquem
865 2730 1009 2790 excessit
1031 2747 1074 2789 ex
1098 2729 1243 2805 ephebis,
1268 2728 1370 2799 Sosia,

512 2837 663 2898 Liberius
686 2838 821 2900 vivendi
845 2843 930 2897 eret
952 2843 1106 2913 potestas,

409 2944 561 3005 Codices:
586 2945 659 3004 fuit.

344 3086 383 3148 V.
406 3087 489 3147 Plet.
512 3088 610 3147 Lech.
637 3081 739 3147 1871]
762 3103 875 3147 omnes
890 3086 1037 3147 virorum
1054 3088 1223 3150 doctorum
1239 3087 1445 3147 coniecturae
1470 3101 1578 3160 super·

405 3211 571 3255 voceneee
594 3195 677 3255 flunt
699 3195 727 3254 si
751 3210 809 3270 pro
834 3190 912 3271 γένει
935 3195 1106 3270 scripseris
1129 3214 1163 3272 γε
1186 3191 1241 3253 νώ.

326 3336 382 3396 VI.
405 3330 512 3397 Plauti
535 3339 735 3397 Menaechm.
762 3330 825 3395 160
860 3342 893 3395 ct
916 3336 1015 3396 Poen.
1039 3330 1101 3395 571
1139 3353 1199 3411 per
1232 3335 1429 3394 vocabulum
1454 3335 1577 3393 solum

406 3444 609 3521 significetur
632 3461 749 3503 cavum
773 3444 870 3503 oculi.
909 3444 1029 3503 Errant
1051 3444 1153 3520 igitur
1175 3449 1209 3501 et
1231 3443 1288 3517 qni
1303 3442 1391 3501 locos
1407 3441 1578 3499 emenden-

407 3551 466 3610 dos
494 3567 564 3610 esse
598 3556 715 3626 putent
749 3557 782 3609 et
816 3551 872 3624 qui
896 3550 1106 3627 Spengelium
1130 3550 1233 3610 secuti
1256 3545 1311 3624 (cf.
1335 3547 1417 3606 Phil.
1441 3547 1577 3608 XXVII.

406 3674 438 3733 p.
462 3651 528 3716 340
540 3652 602 3733 sq.)
626 3658 731 3717 solum
755 3658 795 3715 de
818 3658 933 3732 planta
955 3658 1077 3733 pedum
1099 3657 1304 3733 intellegunt.

310 3800 382 3861 VII.
406 3800 486 3860 Caii.
509 3800 633 3876 Hymni
657 3801 700 3862 od
723 3799 835 3859 Iovem
857 3816 890 3857 v.
916 3794 958 3858 79
982 3801 1089 3859 scribe

513 3902 549 3966 ἐκ
573 3902 608 3966 δὲ
631 3901 706 3973 Διὸς
727 3902 895 3985 βασιλῆας·
919 3902 1025 3984 ἐπειδή
1050 3908 1078 3984 γ’
1103 3900 1196 3964 οὐδὲν
1219 3901 1365 3964 ἀνάκτων

513 4009 682 4093 θειότερον,
704 4008 767 4073 κτλ

407 4122 558 4184 Codices:
581 4117 727 4200 βασιλῆες
753 4115 818 4180 ἐπεὶ
840 4114 925 4186 Διὸς.
