3492 5500
724 469 864 526 -7-

153 658 257 717 multa
290 659 442 733 exempla
475 674 558 732 quae
589 663 703 732 postea
725 657 877 716 Foerster
910 657 1057 734 collegit,
1093 657 1152 715 sed
1177 656 1333 727 Dietrich,
1369 657 1435 732 qui,

154 780 313 824 annorum
336 766 480 839 quinque
503 765 676 824 intervallo
705 770 778 839 post
800 764 1009 823 Foersterum
1043 764 1187 838 scripsit,
1223 770 1256 822 et
1283 765 1436 839 exempla

153 871 322 946 complura
343 873 512 947 praeteriit
534 888 618 946 quae
647 872 682 930 in
705 871 897 929 collectione
920 870 1084 929 Foersteri
1107 871 1252 945 reperire
1275 871 1380 946 potuit
1403 878 1436 929 et

153 978 380 1037 annotationes
403 979 541 1054 singidis
564 979 644 1037 locis
668 978 796 1036 addidit
818 977 1067 1054 nugacissimas.

260 1085 459 1161 Scriptorum
471 1086 672 1161 pedestrium
684 1085 887 1162 singulorum
897 1101 992 1144 usum
1002 1090 1244 1159 pertractarunt
1257 1081 1434 1155 Schmidt¹,

152 1186 297 1252 Schoene
305 1188 327 1263 ¹,
351 1188 505 1263 Proske³,
529 1188 636 1267 May4,
660 1193 840 1251 Bohlmann
848 1185 870 1262 ⁵,
896 1186 1076 1261 Schultzess,
1101 1187 1276 1260 Graeber¹,
1301 1197 1434 1250 0110111-

150 1315 230 1374 pore
253 1301 477 1365 recentissimo
500 1295 658 1358 Reisert⁸.
697 1300 871 1359 Praeterea
886 1305 1068 1357 memoratu
1092 1298 1193 1375 digna
1216 1298 1371 1357 videntur
1394 1315 1434 1357 ea

151 1407 261 1480 capita
292 1407 326 1464 in
361 1407 480 1481 quibus
515 1407 556 1465 de
580 1407 773 1465 attractione
798 1412 907 1464 actum
931 1412 981 1463 est
1004 1406 1269 1464 dissertationum
1292 1404 1433 1464 Schmol·

150 1508 262 1590 lingi¹,
286 1513 436 1572 Frenzeli
444 1509 481 1585 ¹⁰,
505 1514 605 1571 Bachi
619 1509 655 1571 ¹¹.

258 1620 330 1679 Hoc
365 1626 484 1690 autem,
519 1626 556 1680 ut
590 1621 637 1679 ita
672 1621 790 1690 dicam,
826 1626 1053 1680 ornamentum
1089 1618 1246 1677 sermonis
1281 1620 1434 1678 omnibus

149 1727 257 1803 magis
280 1733 392 1786 notum
412 1733 461 1786 est
477 1744 575 1801 quam
591 1727 679 1801 quod
694 1728 756 1785 hoc
772 1728 842 1786 1000
859 1743 941 1802 opus
958 1727 999 1784 sit
1015 1726 1185 1801 explicari.
1220 1726 1433 1785 Attractionis

149 1833 357 1904 vocabulum,
382 1834 427 1892 ait
450 1828 645 1904 Foerster¹¹,
681 1834 822 1908 primum
856 1834 999 1892 occurrit
1028 1833 1062 1892 in
1085 1833 1300 1909 grammatica
1335 1849 1433 1907 quam

151 2039 241 2109 culpa
259 2039 428 2094 habeatur?
465 2039 548 2093 Haec
568 2046 669 2094 tamen
689 2040 860 2095 dissertatio
880 2039 1026 2095 Dietrichi
1045 2039 1085 2093 ad
1104 2054 1236 2092 summos
1255 2039 1286 2091 111
1305 2039 1433 2108 philoso-

151 2128 223 2197 phia
242 2129 373 2183 honores
393 2129 596 2197 capessendos
618 2131 650 2182 in
669 2129 870 2183 universitate
892 2129 1102 2184 Rostochiensi
1121 2128 1234 2197 scripta
1254 2128 1313 2182 est!

249 2214 259 2251 ¹
276 2216 343 2272 Von
363 2216 423 2271 den
432 2216 781 2288 Haupterscheinungen
802 2218 856 2273 der
868 2217 1124 2288 grammatischen
1134 2217 1317 2284 Attraktion‚
1337 2217 1432 2271 ihrem

152 2304 259 2359 Zweck
286 2307 350 2361 und
378 2307 459 2361 ihrer
478 2307 670 2377 Bedeutung,
698 2308 730 2360 in
760 2307 815 2362 der
833 2307 1052 2377 griechischen,
1078 2307 1284 2373 lateinischen,
1313 2307 1433 2360 franzii·

152 2394 270 2448 sischen
297 2395 361 2448 und
390 2396 556 2450 deutschen
575 2394 716 2465 Sprache.
754 2396 860 2466 Progr.
889 2397 942 2450 des
960 2396 1074 2465 kiinigl.
1095 2395 1203 2465 Gymn.
1228 2412 1267 2449 au
1292 2395 1431 2459 Quedlin-

151 2482 240 2552 burg,
261 2483 338 2537 1858.
375 2484 441 2538 Hoc
458 2485 525 2540 loco
544 2487 727 2540 mentionem
746 2487 826 2540 facio
840 2487 948 2554 capitis
961 2485 1044 2554 quod
1057 2485 1268 2539 attractionem
1281 2485 1312 2538 in
1326 2485 1432 2554 lingua

151 2586 300 2640 germana
327 2577 438 2626 tractat
466 2590 485 2626 a
513 2574 624 2629 Iacobo
644 2574 759 2629 Grimm
783 2576 894 2644 scripti,
923 2575 1006 2643 quod
1025 2575 1154 2644 primum
1174 2574 1230 2628 sub
1250 2575 1432 2629 auctoritate

152 2660 328 2714 academiae
347 2663 457 2716 artium
476 2662 680 2718 Berolinensis
699 2664 814 2718 editum
833 2669 887 2731 est,
907 2663 985 2718 1858.

249 2747 326 2805 ¹¹De
345 2754 534 2807 attractionis
562 2769 653 2822 quam
673 2755 777 2807 dicunt
797 2754 1004 2823 singularibus
1023 2755 1169 2823 exemplis
1189 2754 1273 2823 apud
1295 2753 1430 2808 Herodo-

150 2843 214 2892 tum
233 2841 361 2909 repertis
379 2841 482 2895 brevis
502 2843 723 2909 commentatio,
743 2840 774 2895 F.
794 2841 829 2913 G,
849 2841 995 2907 Schoene,
1014 2841 1154 2909 Herford‚
1174 2842 1252 2896 1840.

249 2925 496 2993 ¹Quaestionum
527 2930 565 2983 de
591 2931 779 2984 attractionis
807 2930 891 2999 apud
911 2929 1143 3000 Xenophontem
1171 2946 1320 3001 usupare
1339 2933 1430 3001 prior,

149 3016 378 3073 Jahresbericht
397 3019 424 3071 d.
444 3018 608 3088 Progymn.
628 3035 668 3072 zu
686 3018 889 3074 Gr.·Strehlitz
911 3036 937 3074 0.
957 3018 985 3074 S.
1005 3020 1083 3074 1869.

247 3103 260 3140 ⁴
278 3105 325 3160 De
344 3109 532 3162 attractionis
551 3123 611 3163 usu
628 3108 811 3177 Herodctec,
837 3109 1009 3163 dissertatio
1028 3111 1220 3179 inauguraHs
1238 3111 1338 3181 philol.
1358 3110 1430 3166 Vra-

149 3194 296 3262 tislaviae,
316 3195 393 3250 1878.

247 3281 322 3338 ¹De
344 3287 531 3340 attractionis
554 3302 614 3341 usu
639 3292 669 3341 et
688 3303 854 3357 progressu
883 3288 980 3355 qualis
1008 3288 1100 3340 fuerit
1119 3288 1151 3340 in
1170 3289 1430 3343 enuntiationibus

148 3372 283 3426 relativis
293 3374 376 3443 apud
386 3374 583 3443 Herodotum,
603 3375 828 3445 Antiphontem,
849 3376 1068 3444 Thucydidem,
1086 3374 1282 3445 Andocidem,
1296 3377 1428 3447 Lysiam,

149 3459 318 3515 dissertatio
337 3463 526 3538 inauguralis
545 3463 754 3532 V‘ratislaviae,
775 3464 852 3517 1882.

247 3546 323 3604 ¹De
351 3553 540 3606 attractionis
569 3554 755 3621 pronominis
783 3553 903 3606 relativi
932 3554 1015 3622 apud
1036 3560 1172 3609 oratores
1191 3554 1307 3610 Atticos
1326 3573 1430 3612 recen-

147 3638 239 3691 tiores
257 3654 317 3691 usu
335 3644 366 3693 et
384 3640 498 3694 formis.
534 3640 641 3711 Progr.
662 3641 690 3694 d.
710 3640 818 3711 Gymn.
839 3657 879 3695 zu
896 3640 1042 3710 Bautzen,
1064 3643 1142 3698 1882.

246 3723 330 3781 ¹Die
349 3726 525 3783 Attraktion
553 3730 606 3785 des
632 3730 820 3785 Relativums
847 3732 898 3786 bei
925 3731 1112 3802 Xenophon,
1141 3735 1428 3790 wissenschaftliche

148 3812 273 3884 Beilage
292 3831 361 3869 zum
380 3816 571 3889 Osterprogr.
591 3820 619 3873 d.
639 3819 835 3875 Martineums
852 3837 891 3875 zu
909 3806 1061 3889 Breklum,
1082 3822 1160 3876 1885.

245 3901 526 3962 821111111101111011
555 3909 609 3963 der
635 3909 839 3964 Relativsatze
866 3911 898 3963 in
926 3911 981 3965 der
999 3912 1209 3980 griechischen
1229 3912 1332 3966 Prosa.
1372 3914 1427 3966 Ein

146 3990 271 4062 Beitrag
298 4010 353 4047 zur
382 3996 581 4051 historischen
610 3996 728 4066 Syntax
760 3999 814 4053 der
845 4000 958 4067 griech.
984 3999 1126 4069 Sprache.
1164 4000 1186 4053 l.
1214 3999 1425 4070 Allgcmcines

145 4079 281 4136 Herodot
291 4083 563 4152 uudThucydides.
584 4085 707 4141 Dissert.
718 4088 822 4156 inaug.
834 4088 865 4139 in
875 4088 1075 4142 universitate
1081 4088 1342 4159 Wurzburgiensi,
1350 4092 1426 4144 1889.

244 4157 358 4226 ¹¹Uber
383 4172 443 4226 den
462 4171 624 4226 Gcbrauch
653 4176 772 4244 einiger
790 4174 976 4229 Pronomina
995 4177 1053 4229 auf
1068 4178 1217 4232 attischen
1235 4177 1425 4233 Inschriften.

145 4257 169 4311 2.
190 4258 263 4312 Το11.
301 4259 491 4331 Osterprogr.
510 4261 563 4315 des
582 4262 697 4331 kinigl.
717 4262 1018 4332 Marienstiftsgymn.
1039 4280 1078 4318 zu
1097 4263 1214 4330 Stettin,
1234 4267 1312 4321 1885.

246 4344 269 4383 ¹⁰
287 4348 344 4403 Die
367 4349 599 4419 Entwickelung
618 4350 672 4404 des
691 4350 841 4404 relativcn
861 4349 1030 4406 Satzbaues
1049 4354 1089 4407 im
1109 4353 1332 4409 Griechischen.
1361 4356 1424 4410 Jos.

145 4435 279 4504 Frenael‚
297 4438 483 4506 Paderbcm,
504 4439 582 4493 1889.

244 4522 266 4561 ¹¹
285 4525 332 4581 De
356 4529 536 4583 attractione
550 4542 630 4597 quae
644 4528 754 4583 dicitur
766 4530 891 4583 inversa
905 4531 988 4600 apud
1002 4532 1166 4601 scriptores
1179 4532 1296 4587 latinos.
1316 4533 1423 4604 Progr.

145 4614 200 4669 des
218 4614 433 4671 Bischlifschen
453 4616 560 4686 Gymn.
581 4633 620 4673 zu
641 4616 831 4689 Strassburg,
851 4619 930 4674 1888.

245 4700 496 4777 ffifflstpffi
