3492 5500
857 481 1032 540 45..

412 668 446 733 C.
492 667 672 732 Genetlvus
695 688 716 730 a
737 672 890 747 genetivo
914 672 970 746 qui
998 671 1280 747 apraepositione
1314 675 1434 749 pendet
1468 679 1610 734 attrac-

306 785 358 838 tus
382 787 446 839 est:

306 885 406 962 Gorg.
505 880 603 944 505ss
627 880 749 943 οὐκοῦν
767 879 804 943 τὸ
826 881 936 962 εἴργειν
959 880 1038 943 ἐστὶν
1061 880 1117 961 ἀφ’
1143 876 1191 944 ὧν
1214 881 1364 964 ἐπιθυμεῖ

306 993 377 1051 Alc.
401 993 426 1051 Ι.
506 986 601 1050 113Β
624 986 867 1069 συμβουλεύσειν
886 986 1067 1069 Ἀθηναίοις
1088 987 1159 1068 περὶ
1182 983 1230 1050 ὧν
1254 988 1348 1052 οὐδὲν
1370 988 1467 1067 oldam

411 1098 482 1157 Hae
517 1098 641 1156 somnae
675 1098 879 1156 attractionis
913 1104 980 1155 tam
1014 1098 1112 1156 facile
1146 1099 1364 1173 explicantur,
1398 1107 1434 1158 ut
1456 1117 1604 1161 moram

305 1205 400 1265 nobis
423 1221 488 1264 non
512 1204 646 1263 faciant.
692 1203 772 1263 Cum
796 1204 883 1262 enim
906 1204 1199 1263 demonstrativum
1228 1206 1271 1262 ad
1294 1206 1381 1280 quod
1404 1223 1604 1280 pronomen

306 1313 365 1371 rel.
389 1312 598 1371 referendum
622 1316 672 1369 est
695 1311 866 1380 exciderit,
902 1310 993 1370 nulla
1026 1311 1205 1369 mutatione
1235 1311 1360 1370 formae
1383 1313 1604 1387 pronominis

306 1435 387 1494 opus
410 1426 470 1478 est.
515 1418 755 1493 Excipiendum
771 1433 849 1476 sane
873 1424 923 1475 est
945 1417 1133 1492 exemplum
1156 1418 1227 1476 Alc.
1251 1418 1277 1477 Ι.
1304 1413 1366 1477 108
1374 1420 1408 1489 E,
1443 1421 1501 1478 ubi
1531 1437 1602 1494 po

306 1526 371 1583 tius
395 1525 592 1583 constructio
615 1519 794 1601 ἐπιστήμων
816 1518 890 1600 περί
909 1541 990 1588 τινας
1013 1524 1156 1582 admissa
1179 1530 1239 1582 cst.
1274 1523 1323 1583 Cf.
1337 1524 1458 1601 Theag.
1473 1520 1540 1584 122
1550 1528 1600 1587 E.

822 1878 962 1938 CAPUT
985 1878 1057 1938 VII.

412 2041 460 2100 De
483 2040 676 2101 attractione
700 2055 783 2114 quae
808 2038 929 2097 dicitur
950 2039 1083 2097 inversa
1105 2039 1157 2096 vel
1182 2039 1375 2098 attractione
1397 2040 1553 2099 nominis.

412 2147 581 2205 Interdum
604 2147 699 2204 litut
722 2162 839 2204 nomen
864 2161 982 2222 regens
1005 2145 1188 2219 pronomini
1212 2146 1271 2203 rel.
1294 2146 1508 2220 praemissum
1533 2164 1597 2206 ca-

306 2270 378 2313 sum
401 2254 472 2313 eius
495 2234 630 2313 induere
654 2252 815 2322 videatur,
840 2267 924 2325 quae
948 2252 1098 2310 attractio
1122 2251 1254 2309 inversa
1277 2252 1366 2310 dicta
1388 2259 1447 2311 est.
1480 2251 1597 2315 Cuius

306 2360 509 2420 attractionis
532 2358 785 2434 explicationem
807 2358 869 2417 hoc
892 2357 963 2416 loco
987 2357 1133 2432 proferre
1157 2359 1311 2417 conabor.

412 2467 557 2525 Primum
590 2465 788 2524 monendum
822 2471 872 2523 est
895 2480 1129 2540 saepenumero
1152 2481 1254 2524 unum
1282 2466 1336 2523 vel
1359 2466 1454 2541 plura
1486 2482 1594 2527 voea-

305 2573 393 2644 bula,
418 2589 502 2647 quae
523 2572 689 2647 propriam
711 2576 838 2646 partem
873 2571 1105 2630 enuntiationis
1128 2572 1187 2630 rel.
1211 2571 1365 2641 efficiunt,
1400 2578 1475 2631 aute
1511 2590 1592 2648 pro

305 2695 423 2738 noman
446 2679 505 2737 rel.
529 2678 683 2737 collocari
705 2694 810 2754 posse,
834 2679 882 2736 ita
903 2683 940 2736 ut
962 2678 1044 2736 liaeo
1059 2678 1163 2736 verba
1178 2683 1274 2736 extra
1289 2679 1490 2754 provinciam
1513 2696 1595 2756 pro

305 2787 444 2846 nominis
468 2786 526 2844 rel.
549 2802 620 2845 essa
643 2786 829 2845 videantur.
874 2785 1054 2860 Praecipue
1089 2784 1150 2843 hoo
1173 2786 1283 2854 evenit
1306 2792 1382 2844 ante
1405 2801 1594 2860 pronomen

305 2888 389 2960 ὅσας,
412 2909 476 2967 quo
499 2891 691 2952 referendus
714 2897 764 2949 est
786 2892 877 2950 locus
900 2891 1001 2967 Legg.
1025 2884 1123 2949 849n
1139 2897 1172 2949 et
1188 2892 1386 2966 complures;
1411 2893 1594 2954 sedetiam

306 3005 381 3057 ante
405 2998 470 3056 alia
492 2998 692 3072 pronomina,
716 2998 892 3073 praecipue
927 2998 1014 3072 apud
1043 3003 1166 3072 poetas.
1223 2996 1271 3056 Ct'.
1295 2997 1430 3057 Pindari
1453 2997 1592 3075 Olymp.

305 3105 332 3163 Ι.
356 3099 410 3164 82.
433 3099 542 3162 θανεῖν
566 3097 593 3161 δ’
619 3097 696 3161 οἷσιν
719 3098 857 3180 ἀνάγκας
882 3103 1005 3180 Theog.
1022 3098 1088 3162 814
1113 3098 1282 3179 (amon)
1307 3099 1371 3181 ε’γὼ
1395 3099 1423 3162 δ’
1441 3100 1590 3182 ἐχθροῖσι

305 3206 471 3277 πελασάείς
485 3209 499 3279 ΙΙ
513 3205 630 3289 atton
663 3205 716 3268 uni
749 3210 815 3267 τῶν
837 3205 928 3270 ὅντιν’
959 3206 1065 3287 ἔχουσι
1087 3206 1177 3284 νόον;
1213 3211 1291 3268 Eur.
1315 3210 1406 3269 Aeol.
1430 3211 1515 3287 frag.
1540 3206 1588 3272 37

307 3312 374 3393 (N.)
396 3313 451 3384 τὰς
474 3313 509 3375 ἀὲ
532 3312 694 3396 δαιμόνων
715 3312 812 3394 τύχας
826 3314 839 3385 ΙΙ
854 3312 937 3381 ὅστις
959 3314 1048 3394 φέρει
1070 3312 1215 3388 κάλλιστ’,
1246 3312 1327 3394 ἀνὴρ
1351 3309 1443 3382 οὗτος
1465 3313 1590 3395 σάφσς;

306 3425 433 3499 Dictyis
456 3426 541 3500 frag.
565 3413 641 3481 340.
666 3417 693 3481 6.
710 3417 820 3481 σκαιόν
848 3442 875 3480 τι
898 3418 937 3499 di]
961 3417 996 3480 τὸ
1023 3425 1132 3501 χρῆμα
1166 3418 1324 3500 γίγνεσθαι
1352 3418 1441 3501 φιλεῖ,
1461 3423 1476 3496 ΙΙ
1496 3419 1592 3483 θεῶν

306 3526 446 3608 ἀνάγκας
468 3526 550 3595 ὅστις
572 3524 680 3587 ἰᾶσθαι
707 3524 807 3603 θέλεις
846 3529 966 3603 quibus
1001 3531 1153 3604 exempla
1186 3531 1289 3589 multa
1324 3531 1402 3589 addi
1437 3537 1590 3605 possunt.

307 3637 442 3713 Saepius
465 3637 563 3698 etiam
586 3636 674 3694 idem
698 3636 819 3694 accidit
850 3637 940 3710 apud
973 3636 1115 3695 Latinos.
1162 3635 1211 3696 Cf.
1235 3654 1264 3695 e.
1291 3654 1325 3714 g.
1354 3637 1429 3696 Ter.
1453 3637 1517 3695 Ad.
1540 3632 1590 3696 52

307 3749 478 3819 postremo,
503 3744 559 3801 alii
583 3743 769 3801 clanculum
784 3739 798 3810 ΙΙ
813 3747 923 3816 patres
947 3758 1031 3817 quae
1053 3743 1190 3813 faciunt,
1215 3760 1299 3818 quae
1314 3744 1380 3802 fert
1395 3744 1589 3802 adulescen-

307 3851 353 3908 tia
367 3851 381 3923 ΙΙ
396 3867 436 3909 ea
457 3867 499 3908 ne
522 3866 574 3908 me
595 3850 679 3908 celet
702 3849 888 3907 consuefeci
911 3848 1029 3922 filium3
1053 3849 1111 3908 ubi
1135 3850 1214 3908 ordo
1238 3857 1287 3907 est
1306 3866 1409 3924 „quae
1426 3851 1482 3907 alii
1499 3850 1588 3909 elan-

307 3957 417 4016 onlum
440 3964 549 4031 patres
565 3952 720 4015 iaciunt.“
768 3954 837 4013 Nec
854 3956 973 4013 desunt
985 3956 1136 4030 exempla
1151 3956 1240 4030 apud
1255 3956 1421 4030 prosaicos
1436 3972 1587 4032 graecos.

306 4063 419 4138 Neque
443 4063 529 4122 enim
553 4062 673 4121 dubius
696 4068 746 4120 est
769 4061 853 4120 Tim.
866 4055 943 4143 Sin
965 4056 1077 4119 ταύτὸν
1101 4057 1139 4139 δὴ
1165 4057 1345 4139 διανοητέον
1366 4056 1421 4119 καὶ
1443 4058 1514 4139 περὶ
1528 4064 1588 4121 τοῦ

307 4166 553 4248 ξυναμιγοτὲρον,
577 4166 662 4238 ζῶον
685 4165 703 4227 ὃ
726 4163 893 4245 καλοῦμεν.
940 4168 1025 4243 Quid
1060 4169 1161 4245 igitur
1183 4168 1301 4243 plura?
1335 4169 1458 4227 Eodem
1487 4170 1614 4228 modo·

307 4277 436 4352 explico
459 4277 567 4334 locum
589 4275 657 4334 Pol.
681 4275 752 4335 VII.
776 4270 878 4333 5201)
901 4270 935 4333 ἐν
957 4269 1043 4332 πόλει
1065 4268 1087 4353 ᾖ
1110 4272 1219 4353 ἥκιστα
1241 4270 1406 4351 πράιῖὶυμοι
1428 4271 1535 4351 ἄρχειν
1555 4272 1590 4333 οἱ

305 4378 468 4461 μέλλοντες
490 4379 602 4460 ἄρξειν,
636 4378 750 4459 ταύτην
773 4378 881 4460 ἄριστα
904 4376 957 4439 καὶ
985 4376 1244 4439 ἀστασιαστότατα
1268 4376 1389 4458 ἀνάγκη
1413 4376 1587 4455 οἶκεῖσάαις

304 4490 432 4549 ¹scilicet
465 4485 557 4547 ιιι-ἒν
579 4484 666 4546 πόλει
687 4481 710 4567 ᾗ
734 4489 892 4563 scriptum
915 4488 1099 4546 existimem
1122 4503 1181 4562 pro
1205 4483 1238 4546 ἓν
1260 4480 1282 4565 ᾗ
1304 4482 1398 4544 πόλει.
1445 4486 1586 4572 Quodsi

307 4597 403 4654 aliter
436 4595 582 4670 explices
610 4612 673 4654 non
697 4596 794 4653 modo
817 4595 1034 4653 anacoluthon
1058 4595 1116 4653 sed
1145 4595 1244 4652 etiam
1267 4594 1398 4652 omissio
1422 4596 1587 4669 praeposi-

306 4704 404 4764 tionis
427 4699 460 4760 ἐν
483 4703 656 4761 statuenda
689 4704 761 4761 erit.
818 4702 941 4761 Eodem
970 4709 1079 4760 autem
1113 4702 1210 4760 modo
1245 4701 1479 4776 explicandum
1512 4717 1587 4764 esse
