3492 5500
846 503 1024 572 ..AA-

404 698 443 765 In
460 702 638 783 generibus
660 702 861 780 pronominis
885 702 920 762 in
935 701 1130 762 attractione
1154 700 1369 764 admittendis
1396 717 1460 779 quo
1481 701 1591 765 modo

298 810 461 885 Merum,
485 811 656 873 indicabit.

493 965 643 1021 Auctores
829 963 972 1020 Genetivi

402 1151 585 1228 Aeschylus

402 1257 576 1334 Sophocles

401 1366 575 1443 Euripides

400 1474 634 1549 Aristophanes

399 1580 585 1640 Herodotus

400 1687 612 1763 Thucydides

399 1795 566 1870 Antiphon

399 1904 586 1963 Andocides

397 2010 514 2085 Lysias

397 2117 489 2175 Plato

397 2297 436 2355 In
459 2311 579 2373 genere
603 2295 803 2370 pronominis
827 2294 993 2352 licentiam
1022 2294 1225 2352 attractionis
1247 2293 1418 2369 paullatim
1440 2299 1580 2353 auctam

291 2419 362 2461 esse
385 2403 483 2462 facile
506 2403 712 2477 perspicitur.
759 2400 936 2460 Terdecies
959 2402 1046 2459 enim
1069 2401 1157 2475 apud
1173 2401 1341 2460 Platonem
1365 2401 1579 2460 accusativus

290 2511 463 2569 masculini
488 2510 599 2568 dativo
622 2509 762 2568 nominis
786 2508 959 2567 succubuit
993 2514 1026 2566 et
1060 2514 1111 2566 ter
1144 2508 1277 2582 quidem
1312 2523 1466 2567 numerus
1499 2508 1578 2566 eius

291 2616 477 2692 singularis,
501 2616 536 2674 id
559 2617 647 2690 quod
670 2615 779 2674 nullus
802 2615 887 2673 alius
909 2616 1049 2689 scriptor
1065 2615 1128 2672 sibi
1148 2615 1320 2672 concessit.
1366 2614 1478 2688 Neque
1490 2629 1577 2672 vero

289 2738 468 2798 pronomen
491 2722 683 2783 femininum
707 2727 774 2781 tam
798 2738 895 2797 saepe
930 2722 1157 2781 attractionem
1192 2721 1315 2797 patitur
1349 2737 1447 2796 quam
1481 2722 1579 2796 apud

289 2829 501 2890 Herodotum.
552 2828 591 2889 In
614 2832 676 2889 hac
702 2830 803 2906 igitur
826 2846 861 2888 re
886 2830 1036 2887 attractio
1071 2829 1161 2904 apud
1183 2827 1352 2888 Platonem
1377 2828 1445 2887 iam
1470 2828 1577 2886 certis

290 2937 410 2997 finibus
434 2937 595 3014 adstringi
620 2942 736 3011 coepta
759 2943 819 2995 est.

396 3045 444 3103 De
467 3044 540 3102 aliis
563 3050 694 3119 praeter
716 3039 753 3109 ὅς
775 3043 1022 3117 pronominibus
1045 3043 1197 3102 admissis
1220 3044 1301 3101 haec
1321 3043 1450 3101 habeto.
1495 3041 1578 3100 Pro

288 3151 418 3209 nomine
431 3145 506 3216 ὅσος
517 3151 668 3209 attractio
681 3150 784 3225 potita
797 3156 846 3208 est
858 3150 947 3224 apud
954 3150 1164 3225 Aeschylum,
1172 3149 1374 3224 Sophoclem,
1382 3148 1574 3223 Aristopha-

288 3275 373 3329 nem,
397 3259 611 3328 Andocidem,
635 3257 819 3331 Platonem3
855 3252 922 3321 οἷος
956 3258 1045 3332 apud
1068 3256 1270 3330 Sophoclem,
1305 3256 1444 3314 fortasse
1478 3257 1574 3330 apud

288 3364 471 3438 Platonem3
496 3360 578 3430 ὅστις
601 3367 689 3440 apud
713 3364 914 3441 Sophoclem,
939 3364 1107 3423 Platonem
1132 3358 1225 3437 (bis);
1261 3358 1358 3439 ὅσπερ
1393 3362 1482 3440 apud
1517 3362 1576 3421 So-

288 3472 437 3546 phoclem
462 3467 539 3547 (bis)
568 3472 829 3547 Aristophanem,
866 3471 1095 3545 Thucydidem
1130 3465 1281 3543 (quater),
1317 3469 1450 3543 Lysiam
1478 3464 1575 3544 (bis),

288 3578 467 3637 Platonem.

395 3686 474 3744 Eius
497 3685 660 3756 licentiae,
695 3691 732 3744 ut
754 3686 945 3760 pronomine
969 3690 1108 3743 attracto
1143 3684 1285 3759 spatium
1309 3682 1464 3757 temporis
1486 3676 1575 3741 indi-

289 3797 390 3863 cetur,
415 3785 600 3880 Herodotus
623 3793 750 3852 Platoni
774 3799 890 3851 auctor
913 3793 986 3862 fuit,
1011 3792 1036 3850 Ι.
1063 3787 1137 3850 107.

394 3900 466 3959 Duo
490 3905 599 3958 autem
622 3900 655 3958 in
672 3916 795 3976 genera
811 3900 1054 3958 enuntiatorum
1075 3899 1146 3958 rell.
1163 3900 1251 3974 apud
1266 3898 1436 3956 Platonem
1451 3901 1573 3955 attrac-

287 4006 384 4065 tionis
406 4024 486 4065 usus
509 4007 649 4082 irrepsit,
685 4023 768 4082 quae
799 4011 896 4065 antea
918 4007 987 4064 vim
1011 4006 1080 4065 eius
1103 4022 1169 4064 non
1192 3993 1376 4076 senserant3
1413 4004 1448 4062 id
1482 4004 1571 4073 dice,

286 4114 344 4172 ubi
367 4129 547 4189 pronomen
566 4114 667 4173 simul
690 4114 843 4172 infinitivi
866 4113 1051 4171 subiectum
1067 4118 1126 4183 est,
1151 4117 1184 4171 et
1199 4113 1292 4181 illud,
1315 4110 1373 4169 ubi
1389 4126 1572 4185 pronomen

287 4221 521 4280 additamentis
544 4226 707 4292 oneratur,
743 4237 827 4295 quae
850 4220 1034 4295 praedicati
1061 4220 1133 4278 loco
1168 4219 1318 4294 adposita
1352 4222 1438 4276 sunt.
1483 4216 1572 4275 Nam

287 4328 378 4399 illud,
414 4344 489 4388 cum
514 4329 602 4404 apud
618 4327 751 4402 Lysiam
775 4329 875 4386 semel
899 4332 1060 4398 occurrat,
1085 4327 1174 4401 apud
1195 4326 1366 4384 Platonem
1400 4322 1573 4383 invenitur

287 4450 351 4492 non
374 4435 482 4494 minus
506 4434 694 4510 quinquies3
719 4436 780 4493 hoc
803 4434 947 4493 Platonis
970 4434 1067 4493 unius
1090 4432 1258 4509 proprium
1281 4437 1341 4490 est.

392 4542 519 4600 Deinde
542 4558 637 4600 usum
661 4541 865 4601 attractionis
889 4542 923 4599 in
945 4541 1060 4618 figuris
1084 4539 1312 4616 etymologicis
1335 4543 1372 4597 ut
1394 4537 1568 4607 illustrem,

285 4664 397 4708 omnes
420 4650 508 4708 locos
530 4649 707 4707 recensebo
731 4648 850 4723 quibus
867 4649 1025 4725 ealigura
1048 4652 1194 4723 apparet,
1224 4646 1367 4722 primum
1390 4643 1569 4721 singularis

284 4757 422 4829 numeri,
448 4755 568 4816 deinde
591 4756 736 4831 pluralis.
790 4754 861 4831 Qua
896 4755 1090 4816 attractione
1125 4753 1317 4816 Herodotus.
1346 4768 1425 4814 usus
1460 4755 1509 4808 est
1531 4749 1567 4808 in
