3492 5500
893 441 1034 497 ..8-

325 627 498 688 ediderunt
526 623 707 689 Messieurs
734 624 775 688 de
799 625 883 688 Port
906 624 1018 710 noyer
1051 629 1229 704 praecipua
1262 629 1312 687 usi
1348 645 1447 704 opera
1476 628 1604 688 Claudii

324 737 500 807 Lanceloti,
524 737 657 795 Parisiis
682 731 777 807 1644,
813 753 912 809 quam
946 753 1061 795 vocem
1093 736 1136 794 ad
1164 737 1249 794 hanc
1273 753 1341 795 rem
1366 736 1605 813 designandam

324 861 427 919 paene
451 861 563 903 omnes
597 844 803 920 grammatici
836 849 1083 902 conservarunt.
1128 842 1187 902 Cui
1211 844 1421 917 appellationi
1445 844 1603 902 acerrime

324 952 521 1028 repugnavit
553 952 704 1028 Krueger
739 952 825 1010 solus
860 952 1157 1027 grammaticorum,
1194 951 1250 1024 qui
1284 967 1402 1009 nomen
1436 952 1601 1025 imponere

323 1059 427 1118 161111
450 1058 831 1117 assimilationem
845 1054 870 1131 ¹3
896 1064 928 1116 et
950 1057 1086 1127 Reiscrt,
1111 1058 1167 1131 qui
1191 1057 1289 1115 etiam
1305 1057 1468 1134 Kruegeri
1491 1074 1601 1133 propo·

324 1165 422 1223 situm
434 1165 556 1235 reiecit,
570 1165 639 1239 ipse
653 1166 769 1223 suadet
780 1170 816 1223 ut
829 1165 958 1223 dicatur
970 1165 1200 1222 contractio
1216 1165 1269 1222 161
1282 1159 1601 1223 6611111111162.

324 1271 388 1330 Sed
411 1288 483 1330 meo
507 1271 628 1330 iudicio
651 1272 737 1331 inter
759 1273 818 1329 has
841 1289 954 1330 omnes
978 1271 1213 1346 appellationes
1229 1272 1337 1330 minus
1353 1271 1490 1329 interest
1506 1288 1601 1345 quam

322 1383 359 1437 ut
382 1379 597 1438 contentionis
621 1379 663 1436 sit
687 1395 801 1452 causa;
837 1395 932 1437 omne
967 1380 1001 1436 in
1031 1395 1068 1437 66
1096 1378 1237 1453 positum
1266 1378 1503 1448 66661116111,
1539 1394 1600 1451 quo

322 1485 418 1543 modo
441 1487 526 1543 hanc
549 1502 619 1544 rem
642 1486 750 1544 animo
774 1487 1013 1561 contempleris,
1038 1487 1108 1543 sive
1132 1485 1359 1543 attractionem
1387 1486 1457 1543 6116
1481 1485 1601 1543 assimi-

321 1593 476 1650 lationem
512 1593 581 1650 sive
615 1593 871 1650 contractionem
907 1594 976 1651 sive
1011 1591 1319 1651 contaminationem
1358 1608 1468 1651 16666.
1526 1592 1601 1649 Mihi

322 1698 454 1772 quidem
489 1700 585 1775 longe
620 1699 778 1773 optimum
812 1700 944 1758 videtur
977 1716 1096 1758 nomen
1131 1699 1344 1768 attractionis,
1380 1700 1468 1773 quod
1497 1700 1601 1758 adhuc

321 1806 402 1864 nulli
426 1805 492 1875 alii,
517 1806 625 1879 quoad
649 1806 726 1876 scio,
751 1807 798 1864 rei
822 1807 902 1864 artis
926 1807 1159 1883 grammaticae
1184 1812 1378 1880 occupatum
1403 1812 1462 1864 est.
1509 1805 1601 1864 Certe

321 1928 385 1969 non
409 1910 511 1986 probo
535 1913 787 1987 appellationem
811 1913 1042 1971 contractionis
1071 1929 1178 1986 neque
1207 1913 1503 1982 contaminationis,
1539 1929 1603 1986 qua

320 2024 459 2091 utraque
484 2019 526 2076 ad
550 2019 676 2092 aliquid
700 2019 940 2095 designandum
963 2021 1095 2091 utimur,
1132 2020 1220 2093 quod
1248 2020 1314 2077 iam
1338 2026 1464 2079 certum
1488 2037 1527 2078 ac
1551 2020 1601 2078 de·

320 2124 448 2183 finitum
471 2130 503 2182 61
527 2126 613 2182 omni
637 2126 734 2184 tironi
770 2126 848 2183 satis
881 2133 994 2185 notum
1018 2132 1076 2184 est.
1124 2126 1186 2201 Qui
1222 2143 1296 2186 cum
1331 2127 1412 2184 haec
1441 2128 1601 2186 voeabula

321 2247 418 2291 sensu
441 2238 565 2291 mutato
588 2233 706 2309 legerit
729 2234 826 2293 facile
850 2234 885 2292 in
909 2251 1052 2293 errorem
1075 2234 1220 2292 incidere
1244 2234 1373 2308 poterit.

427 2339 479 2398 Ad
503 2340 685 2398 doctrinam
709 2346 818 2399 autem
841 2341 1130 2417 grammaticorum
1153 2348 1283 2399 nostrae
1307 2341 1423 2399 aetatis
1446 2342 1506 2399 vix
1522 2358 1600 2416 opus

320 2462 391 2504 6666
414 2447 546 2506 videtur
568 2453 605 2507 ut
629 2448 753 2505 animos
777 2447 995 2517 intendamus,
1031 2448 1086 2522 qui
1120 2464 1185 2506 non
1214 2448 1310 2507 modo
1335 2448 1376 2506 de
1400 2449 1600 2507 attractionis

319 2569 381 2612 usu
404 2553 571 2612 Platonico
608 2555 666 2612 sed
701 2554 799 2612 etiam
835 2555 876 2613 de
911 2555 1058 2613 eiusdem
1092 2556 1218 2632 figurae
1246 2555 1281 2614 in
1315 2555 1506 2614 1111616111
1540 2572 1599 2614 161

320 2660 409 2734 apud
432 2666 581 2719 auctores
605 2667 712 2720 aetate
736 2663 920 2736 superiores
936 2662 1071 2721 Platone
1087 2667 1185 2736 atque
1202 2662 1373 2720 inferiores
1390 2662 1598 2737 scripserunt.

319 2767 403 2825 Nam
427 2769 469 2825 ad
492 2786 601 2828 mcum
625 2770 796 2830 6616111111
819 2771 962 2829 maxime
981 2771 1143 2829 conducet
1159 2771 1186 2828 si
1202 2771 1489 2846 grammaticorum
1505 2771 1599 2828 inter·

319 2876 517 2948 prolationes
552 2877 595 2934 ad
630 2878 775 2955 singulos
809 2879 898 2936 locos
933 2879 1098 2953 proferam
1133 2883 1231 2951 atque
1265 2878 1323 2937 ubi
1358 2894 1410 2937 res
1440 2878 1525 2935 feret
1559 2878 1598 2936 dc

319 2981 470 3040 doctrina
493 2999 605 3042 eorum
628 2984 801 3042 adnotabo.

426 3088 489 3148 Sed
514 3090 554 3147 de
573 3091 699 3149 ratione
715 3107 754 3149 ac
771 3091 982 3166 dispositione
998 3092 1094 3150 huius
1110 3093 1392 3150 commentationis
1407 3091 1504 3150 video
1521 3092 1598 3149 mihi

318 3211 424 3269 pauca
447 3197 628 3270 praefanda
651 3214 732 3256 6666.
778 3198 890 3257 Priore
920 3205 1013 3272 parte
1043 3199 1191 3273 opusculi
1215 3199 1374 3273 exemplis
1398 3198 1599 3257 attractionis

316 3302 371 3360 vel
406 3302 573 3362 adhibitae
608 3305 661 3363 161
696 3306 866 3381 neglectae
902 3306 1047 3363 collectis
1082 3312 1115 3363 61
1150 3306 1330 3364 secundum
1366 3306 1598 3364 sententiarum

317 3409 466 3467 ordinem
483 3406 657 3485 dispositis,
682 3428 808 3482 causas,
832 3414 933 3489 leges
961 3413 1042 3471 fines
1059 3413 1262 3470 attractionis
1279 3418 1422 3471 statuere
1446 3413 1598 3471 conabor.

317 3514 443 3574 Deinde
466 3523 559 3591 parte
583 3518 686 3576 altera
708 3519 877 3577 Platonem
900 3536 974 3578 cum
997 3536 1116 3578 novem
1139 3520 1327 3579 auctoribus
1351 3520 1407 3594 qui
1431 3537 1469 3578 66
1493 3525 1599 3578 161116

318 3624 501 3697 superiores
524 3625 578 3683 161
605 3627 758 3699 aequales
786 3631 861 3685 sunt
887 3627 933 3684 ita
956 3628 1161 3701 comparabo,
1186 3634 1222 3686 ut
1238 3619 1442 3686 attractionis
1465 3644 1543 3686 usus
1566 3631 1599 3685 61

317 3745 508 3805 progressus
532 3733 715 3792 definiatur.

423 3838 467 3897 Ut
490 3855 569 3897 1616
593 3841 775 3898 6616111111
797 3842 945 3915 ratioque
969 3842 1232 3900 commentationi
1256 3842 1342 3912 insit,
1379 3858 1453 3900 eum
1481 3857 1599 3914 sequar

317 3944 464 4002 ordinem
489 3946 692 4023 dialogorum
716 3945 957 4006 Platonicorum
981 3965 1078 4022 quem
1101 3954 1174 4023 post
1203 3950 1284 4007 alios
1308 3947 1393 4007 Guil.
1417 3947 1525 4007 Christ
1546 3948 1598 4004 vir

317 4051 524 4111 doctissimus
551 4054 586 4111 in
617 4055 702 4113 libro
727 4055 767 4113 de
791 4056 927 4113 historia
950 4056 1133 4114 litterarum
1157 4054 1357 4114 Graecarum
1380 4072 1412 4129 p.
1436 4048 1500 4113 337
1527 4070 1596 4128 sqq.

316 4159 478 4231 probavit.
526 4160 675 4235 Quinque
698 4163 800 4238 igitur
823 4179 946 4239 genera
969 4162 1185 4221 discernimus
1208 4151 1426 4238 dialogorum:
1456 4162 1597 4236 primum

317 4264 565 4337 Socraticorum,
601 4285 681 4341 quos
705 4270 828 4340 dicunt,
865 4270 921 4343 qui
945 4275 1020 4328 sunt
1042 4270 1203 4346 Apologia
1236 4266 1284 4342 (ut
1307 4267 1434 4327 Graeca
1467 4268 1597 4326 nomina

416 4508 426 4546 ¹
455 4509 660 4565 Grammatico
687 4527 801 4582 graeca
829 4512 906 4576 551.
933 4512 975 4566 10.
1024 4510 1254 4580 „Assimilation,
1283 4510 1473 4582 gewdhnlich
1501 4510 1594 4565 falsoh

316 4602 380 4656 und
399 4603 575 4672 unpassend
592 4600 768 4657 Attraktion
786 4603 950 4672 genannt.“

414 4689 427 4727 2
454 4709 483 4763 p.
503 4691 539 4746 10
556 4707 600 4762 sq.
