3492 5500
865 441 1042 496 ..66-

316 624 417 701 Legg.
424 625 483 685 IX.
491 619 551 684 811
562 625 588 685 Β
611 621 629 686 ὁ
642 621 677 685 δὲ
688 588 970 704 ἕθὲλωντιμωρεῑν,
981 628 1046 686 τῶν
1058 622 1093 685 δε
1104 622 1154 686 ἐπὶ
1164 623 1285 695 τούτοις
1296 623 1439 706 locanda
1450 624 1599 707 φυλακῆς

617 729 688 809 πέρι
709 729 763 791 καὶ
785 729 872 792 ὅσων
895 731 934 792 ἂν
956 731 1073 811 ἑτέρων
1095 730 1114 792 ὁ
1137 728 1214 800 θεὸς
1241 730 1313 812 περὶ
1346 737 1442 794 ταῦτα
1476 732 1596 813 volupe

616 836 764 919 παραδῷ,
786 837 895 939 πάντα.
903 835 1064 900 ἀποτελῶν
1086 837 1149 899 κτλ.

423 1037 566 1098 Alterius
589 1038 720 1114 generis
743 1040 967 1112 exemplorum
991 1053 1146 1097 numerus
1175 1039 1277 1096 altero
1307 1044 1397 1096 tanto
1420 1039 1524 1096 maior
1546 1046 1598 1097 est

316 1160 414 1217 quam
443 1145 571 1219 prioris.
618 1144 835 1204 Nihilominus
870 1145 1022 1203 attractio
1057 1145 1252 1227 certioribus
1286 1150 1319 1202 et
1353 1145 1597 1221 angustioribus

317 1250 436 1309 linibus
471 1251 719 1325 circumscripta
741 1251 842 1309 fuisse
865 1251 1007 1309 videtur.
1053 1251 1136 1309 Nam
1164 1251 1271 1309 forma
1298 1252 1434 1325 pluralis
1464 1243 1511 1309 ὥν
1533 1252 1596 1309 hoe

316 1356 349 1414 in
372 1373 493 1432 genere
516 1357 774 1416 undeducenties
798 1357 951 1427 cernitur,
975 1358 1010 1415 in
1033 1357 1088 1416 illo
1113 1362 1163 1415 ter
1186 1363 1219 1415 et
1242 1357 1402 1433 octogies,
1426 1357 1481 1415 hic
1496 1357 1598 1433 igitur

316 1464 466 1521 attractio
502 1464 535 1521 iu
571 1464 732 1522 dicionem
767 1480 858 1521 suam
894 1464 996 1521 denas
1030 1469 1150 1538 partes,
1185 1463 1254 1521 11116
1289 1479 1434 1521 novenas
1457 1464 1595 1540 redegit.

316 1569 467 1628 Formam
496 1562 535 1628 οὗ
567 1571 620 1628 hic
648 1570 828 1644 reperimus
861 1571 1081 1640 duodevicieS,
1117 1571 1185 1629 11116
1220 1571 1458 1644 quaterdecies.
1505 1570 1597 1630 Aliae

315 1677 445 1735 relativi
468 1672 505 1742 ὅς
527 1678 652 1735 formae
667 1694 731 1735 nou
747 1683 933 1736 occurrunt.
972 1678 1086 1751 Neque
1102 1678 1295 1752 pronomina
1310 1678 1376 1735 alia
1390 1678 1598 1752 reperiuntur

315 1783 378 1841 nisi
403 1785 502 1842 semel
525 1779 607 1849 ὅστις
630 1784 748 1858 (Parm.
775 1778 838 1842 136
854 1780 909 1859 Β),
935 1785 1035 1843 semel
1059 1780 1134 1849 ὅσος
1163 1780 1276 1860 (Legg.
1301 1778 1363 1842 811
1382 1779 1431 1858 Β).
1480 1785 1597 1845 Forma

316 1897 425 1949 autem
459 1891 606 1949 feminini
641 1892 772 1967 generis
806 1892 982 1968 singularis
1016 1892 1148 1950 omuino
1182 1891 1283 1949 deest.
1334 1891 1597 1951 Demonstratum

316 1998 481 2073 igiturest
505 1999 593 2072 quod
609 2002 707 2073 su'pra
728 1999 798 2056 dixi
814 1999 919 2073 primo
935 1999 1050 2057 obtutu
1067 2014 1236 2073 apparere,
1261 1998 1489 2056 attractionem
1512 1997 1598 2056 iutra

316 2104 520 2180 angustiores
543 2105 623 2162 flues
653 2105 802 2188 adhiberi
834 2106 868 2163 in
898 2105 945 2163 eis
969 2105 1247 2164 enuntiationibus
1270 2104 1341 2163 rell.
1366 2120 1505 2178 quarum
1527 2120 1597 2179 pro-

315 2211 447 2269 nomina
469 2211 560 2269 vioes
582 2212 723 2269 nominis
746 2213 890 2289 regentis
914 2212 1121 2271 sustinerent.

421 2318 513 2378 Idem
529 2318 710 2392 apparebit,
728 2318 754 2376 61
771 2319 895 2376 animos
912 2319 955 2376 ad
970 2335 1075 2394 genus
1090 2319 1290 2393 pronominis
1305 2319 1363 2377 rel.
1377 2319 1593 2378 advertemus.

270 2454 273 2457 ·
316 2400 431 2483 Neutri
455 2425 541 2483 enim
565 2425 694 2501 generis
718 2431 794 2484 sunt
816 2420 882 2482 212
906 2426 1066 2500 exempla,
1089 2426 1263 2484 masculini
1286 2420 1317 2495 6,
1342 2425 1492 2483 feminini
1516 2419 1546 2482 l.

422 2531 545 2589 Eodem
560 2532 657 2589 modo
669 2532 880 2590 memorabile
893 2538 952 2602 661,
969 2533 1058 2605 quod
1073 2532 1209 2607 pluralis
1225 2531 1413 2591 attractioni
1430 2532 1595 2591 subiectus
1705 2594 1708 2601 ,

317 2638 422 2696 estin
446 2632 512 2695 200
536 2638 711 2696 enuntiatis
735 2638 816 2708 rell,
840 2639 874 2696 in
900 2633 941 2696 19
963 2643 1091 2697 tantum
1113 2639 1300 2715 singularia.

422 2745 471 2804 De
493 2745 605 2804 verbis
633 2745 668 2804 in
697 2745 874 2805 enuntiatis
908 2746 979 2804 rell.
1003 2745 1159 2804 adhibitis
1189 2745 1304 2804 eadem
1333 2745 1488 2804 observes
1513 2762 1595 2820 quae

318 2853 352 2911 in
387 2854 494 2928 priore
529 2869 649 2929 genere
684 2854 858 2912 observata
882 2860 967 2912 sunt.
1014 2854 1159 2913 Verbum
1194 2853 1282 2912 enim
1314 2848 1397 2929 λέγω
1428 2854 1596 2911 invenitur

316 2958 490 3032 quinquies
517 2965 549 3017 et
576 2959 803 3034 quinquagies,
828 2953 915 3017 εἷπον
942 2960 1065 3030 sexies,
1090 2957 1199 3037 εἴρηκα
1224 2959 1354 3035 septies,
1378 2955 1463 3036 φημί
1484 2960 1593 3030 semel,

315 3066 453 3123 verbum
477 3065 602 3124 sciendi
626 3059 696 3123 οῖδα
720 3067 828 3123 sexies
841 3072 873 3124 et
885 3067 997 3124 viciae.
1034 3065 1098 3125 Sed
1120 3073 1250 3142 praeter
1271 3083 1311 3124 ea
1322 3083 1426 3140 paene
1450 3066 1593 3125 cuiusvis

315 3172 436 3231 nullius
460 3172 707 3247 significationis
730 3173 833 3231 verba
856 3181 1043 3243 occurrunt,
1065 3179 1102 3232 ut
1125 3174 1244 3232 iterum
1261 3173 1429 3231 declarare
1445 3173 1593 3243 audeam,

316 3279 397 3338 nihil
421 3280 464 3337 ad
487 3273 713 3338 attractionem
730 3281 1003 3356 significationem
1025 3281 1120 3339 verbi
1143 3281 1264 3338 facere.

421 3387 527 3444 Etiam
551 3388 784 3445 constructioni
808 3388 1009 3462 pronominis
1043 3388 1101 3446 rel.
1137 3388 1252 3445 eadem
1287 3388 1369 3445 ratio
1394 3393 1524 3445 servata
1546 3393 1594 3444 est

315 3510 412 3567 quam
437 3510 536 3568 supra
558 3494 713 3551 indicavi.
752 3495 835 3553 Nam
859 3495 911 3552 bis
934 3501 1061 3553 tantum
1084 3496 1224 3553 verbum
1240 3495 1421 3553 sententiae
1437 3495 1592 3552 relativae

315 3602 396 3659 duos
420 3601 624 3660 accusativos
647 3602 788 3671 admisit,
813 3600 912 3677 Gorg.
935 3596 1000 3659 512
1017 3601 1051 3672 C,
1075 3602 1161 3660 Prot.
1185 3595 1308 3674 357133
1334 3602 1433 3660 semel
1456 3601 1591 3660 verbum

314 3707 476 3783 flagitavit
499 3709 637 3766 alterum
665 3708 865 3783 genetivum,
901 3709 947 3766 ita
981 3714 1017 3767 ut
1052 3708 1275 3784 ambiguitatis
1309 3708 1465 3766 vitandae
1496 3723 1592 3766 causa

315 3815 465 3872 attractio
489 3815 594 3872 omitti
618 3815 769 3890 potuerit,
795 3816 837 3872 cf.
854 3816 979 3892 Theag.
999 3810 1061 3874 122
1074 3816 1109 3874 Β.
1149 3814 1323 3874 Obieotum
1345 3820 1522 3873 attractum
1544 3820 1591 3872 est

315 3922 414 3979 semel
438 3922 531 3980 verbi
555 3917 672 3979 ἀδικεῖν
705 3917 784 3994 (Pol.
809 3902 873 3979 366
887 3919 945 3998 Α),
979 3924 1079 3981 semel
1102 3922 1197 3981 verbi
1224 3918 1327 3988 οὕτως
1349 3917 1438 3999 ἔχειν.
1487 3921 1589 3995 Atque

314 4028 521 4086 accusativus
544 4029 750 4103 anticipatus,
775 4029 831 4102 qui
856 4030 985 4100 dicitur,
1010 4030 1091 4088 abiit
1114 4030 1165 4088 bis
1189 4030 1223 4087 iu
1240 4029 1440 4107 genetivum,
1466 4027 1589 4088 Charm.

317 4127 380 4193 116
396 4134 430 4205 G,
455 4133 554 4212 Gorg.
578 4130 644 4194 449
661 4135 694 4196 Ο.

421 4242 580 4317 Quattuor
613 4260 692 4302 vero
726 4245 806 4303 locis
841 4262 1018 4320 pronomen
1052 4246 1110 4304 rel.
1134 4245 1288 4304 infinitivi
1323 4244 1506 4303 subiectum
1533 4250 1588 4313 est,

313 4350 414 4426 Legg.
439 4343 502 4408 681
520 4350 558 4420 D,
583 4344 648 4408 849
664 4351 699 4420 B,
724 4352 809 4410 Prot.
827 4346 894 4432 319Υ
909 4351 943 4422 C,
967 4352 1087 4410 Phacd.
1106 4344 1145 4411 11
1160 4351 1194 4411 C.
1224 4351 1289 4410 Sed
1305 4352 1395 4409 locus
1410 4348 1590 4408 Phaedonls

313 4456 393 4515 mihi
416 4457 548 4516 videtur
571 4456 690 4515 dubius
714 4475 794 4528 esse,
830 4466 1003 4533 propterea
1026 4459 1114 4533 quod
1136 4459 1275 4517 verbum
1310 4456 1464 4517 infinitivi
1493 4456 1590 4514 activi

313 4564 367 4620 vel
391 4564 513 4638 passivi
537 4564 681 4639 suppleri
704 4571 820 4639 potest.
855 4567 898 4624 At
913 4582 992 4626 vero
1009 4583 1083 4628 cum
1107 4566 1234 4627 activus
1265 4564 1470 4635 subauditur,
1494 4578 1592 4624 causa

314 4677 501 4736 removetur
524 4651 720 4734 offensionis.
