3492 5500
858 451 1020 508 ..52-

300 641 342 699 tis
366 640 563 716 superiores,
598 640 654 714 qui
677 656 736 715 pro
760 639 822 698 hoc
844 655 906 699 usu
930 638 1020 697 allati
1044 643 1128 709 sunt,
1152 655 1288 698 numero
1318 646 1394 698 sunt
1416 646 1492 699 tres.
1541 641 1599 699 Et

299 747 440 823 primum
452 746 658 822 Thucydidis
682 742 754 821 (111.
766 739 820 805 67.
844 740 879 822 6)
904 746 1011 805 locum
1035 762 1109 804 mea
1135 746 1297 805 sententia
1320 747 1384 806 alio
1408 747 1505 805 modo
1527 764 1597 806 ne-

299 871 390 913 cesse
419 859 470 913 est
492 854 663 929 explicari.
721 853 930 913 Adiectivum
965 853 1052 912 enim
1075 847 1246 930 πρόθυμος
1281 871 1355 915 cum
1390 855 1598 914 accusativo

298 961 453 1038 cordungi
476 977 571 1036 posse
595 977 659 1020 nou
682 961 779 1020 modo
791 978 834 1019 ex
846 960 918 1019 loco
941 959 1089 1019 eiusdem
1112 961 1264 1030 auctoris,
1281 961 1324 1019 11.
1345 954 1400 1020 53.
1426 955 1457 1031 3,
1480 978 1599 1036 appa·

298 1074 348 1127 ret
371 1068 430 1127 sed
453 1068 553 1127 etiam
575 1067 743 1145 cognitum
777 1073 827 1126 est
861 1084 905 1126 ex
940 1066 1153 1126 similitudine
1182 1067 1420 1127 adiectivorum
1447 1063 1598 1134 δυνατός

299 1181 372 1244 etc,
396 1188 481 1250 quac
504 1174 729 1234 accusativum
752 1174 868 1233 eodem
891 1174 987 1232 modo
1011 1190 1075 1247 quo
1097 1174 1202 1232 verba
1217 1191 1237 1231 a
1253 1174 1372 1248 quibus
1388 1175 1487 1233 dueta
1503 1182 1594 1233 sunt

298 1286 417 1358 regunt
425 1276 448 1339 ¹.
472 1280 597 1340 Deinde
620 1281 711 1340 locus
734 1281 823 1356 apud
835 1280 969 1356 Antiph.
985 1280 1041 1341 IV.
1064 1273 1104 1339 Γ.
1119 1274 1151 1351 3,
1175 1296 1273 1355 quem
1288 1281 1454 1340 Maetzner
1468 1282 1592 1340 attulit

298 1387 482 1448 reiciendus
495 1396 554 1447 est.
600 1387 684 1448 Nam
707 1383 868 1465 ἀμύνομαι
891 1387 986 1445 ταῦτα
1011 1387 1076 1445 dici
1092 1392 1208 1462 potest,
1232 1393 1269 1446 ut
1285 1388 1371 1446 dixit
1386 1388 1463 1446 Eur.
1478 1387 1590 1450 Herc.

297 1488 374 1553 219.
419 1494 468 1554 De
492 1495 647 1567 hocloco
670 1494 713 1553 01.
737 1494 932 1553 Bohlmanni
955 1493 1194 1553 dissertationis
1217 1511 1249 1569 p.
1276 1490 1328 1552 11.
1374 1494 1505 1554 Tertius
1527 1502 1588 1555 est

298 1603 389 1661 locus
412 1601 537 1660 Andoc.
561 1601 617 1660 IV.
643 1596 695 1672 17,
720 1602 786 1676 qui,
811 1617 1009 1675 quamquam
1033 1618 1108 1660 eum
1130 1616 1196 1660 non
1219 1602 1261 1659 ab
1285 1602 1455 1661 Andocide
1478 1602 1589 1677 scrip·

298 1714 366 1767 tum
390 1725 462 1767 esse
485 1709 582 1791 plane
606 1708 864 1768 demonstratum
881 1713 941 1778 est,
964 1713 1074 1766 tamen
1097 1708 1222 1767 nnllam
1245 1709 1289 1766 ad
1311 1708 1396 1767 hanc
1420 1709 1588 1783 quaestio-

297 1832 373 1875 nem
396 1815 607 1875 iudicandam
631 1815 858 1874 auctoritatem
885 1814 994 1873 habet.
1040 1814 1124 1889 Nam
1151 1814 1290 1873 verbum
1311 1809 1461 1893 βιάζομαι
1483 1831 1587 1876 accu-

298 1923 440 1981 sativum
463 1921 583 1981 0biecti
617 1922 705 1995 quod
740 1921 860 1980 dicitur
894 1920 1102 1979 immanentis
1129 1922 1282 1996 postulat.
1328 1920 1377 1981 Cf.
1400 1920 1477 1996 Lys.
1503 1916 1585 1984 104.

297 2023 352 2086 44.
398 2027 508 2087 Prima
530 2028 632 2104 igitur
666 2028 763 2088 huius
791 2044 869 2086 usus
893 2029 1045 2103 exempla
1068 2027 1157 2103 apud
1179 2028 1358 2087 Isocratem
1392 2034 1426 2086 et
1447 2029 1584 2091 Demos-

297 2137 429 2194 thenem
451 2134 609 2205 invenies,
645 2152 729 2209 quae
752 2151 841 2194 nunc
863 2135 1019 2210 temporis
1039 2135 1200 2211 augustiis
1223 2135 1399 2209 impeditus
1423 2136 1585 2212 colligere

297 2259 363 2302 non
386 2258 528 2317 possum.
575 2240 640 2302 Sed
663 2242 777 2300 confer
800 2258 828 2299 e.
852 2259 886 2318 g.
909 2242 1001 2300 Deru.
1025 2241 1114 2301 XVI.
1140 2235 1192 2313 13,
1216 2241 1307 2301 XXI.
1325 2237 1356 2312 2,
1382 2234 1581 2320 [XLV.]15;

297 2351 398 2409 Isoer.
421 2349 477 2409 IV.
503 2343 577 2420 140,
601 2348 657 2408 VI.
680 2342 735 2425 42,
758 2349 801 2408 X.
824 2342 879 2407 47.

403 2457 539 2516 Restant
562 2457 627 2515 duo
650 2455 853 2515 attractionis
882 2471 1019 2532 genera:
1055 2456 1197 2531 primum
1230 2456 1450 2516 nominativus
1479 2474 1499 2514 a
1522 2474 1581 2516 no-

297 2564 384 2622 mine
408 2567 542 2639 regente
566 2567 735 2621 attractus.
782 2562 852 2638 Quo
875 2563 910 2621 in
932 2579 1054 2639 genere
1069 2563 1161 2622 Plato
1177 2563 1345 2639 regionem
1360 2563 1579 2634 attractionis,

297 2686 396 2745 qnam
418 2670 484 2729 iam
507 2676 657 2729 auctores
692 2669 809 2729 aetatis
832 2669 1008 2744 superioris
1031 2675 1282 2744 occupaverant,
1317 2670 1498 2745 paullulum
1523 2687 1581 2729 ex·

297 2779 412 2838 tendit.
457 2779 541 2838 Nam
564 2778 646 2838 haec
669 2778 819 2838 attractio
842 2777 984 2853 primum
1007 2778 1096 2852 apud
1120 2777 1349 2853 Thucydidem
1373 2772 1525 2852 (111167.
1542 2772 1580 2855 3)

297 2886 455 2959 000111111;
481 2885 601 2944 deinde
624 2886 676 2944 bis
699 2885 788 2961 apud
811 2884 1044 2960 Antiphontem
1069 2880 1124 2958 (Π.
1148 2878 1185 2942 Δ.
1209 2879 1240 2954 2,
1265 2884 1320 2944 VI.
1337 2877 1388 2959 4),
1412 2891 1581 2960 postremo

297 2992 386 3067 apud
397 2991 564 3051 Platonem
588 2991 731 3065 quinque
755 2992 893 3049 fortasse
917 2991 1007 3050 10010.
1053 2990 1112 3051 Cui
1135 2991 1182 3050 101
1207 2991 1301 3065 qnasi
1324 2997 1500 3068 cognatum
1516 2999 1579 3064 est,

297 3100 386 3174 qnod
408 3099 496 3174 apud
530 3099 618 3158 hune
640 3097 832 3173 scriptorem
866 3115 1046 3173 pronomen
1081 3099 1169 3173 quod
1203 3098 1355 3157 infinitivi
1392 3099 1580 3158 subiectum

297 3212 346 3265 001
369 3223 435 3265 non
456 3222 531 3265 raro
554 3205 589 3264 in
611 3206 840 3265 attractionem
863 3205 990 3264 incidit.

402 3313 551 3387 Denique
574 3318 611 3373 ut
634 3313 872 3383 attractionem,
897 3329 995 3386 quam
1011 3318 1131 3371 vocant
1147 3313 1323 3382 inversam,
1347 3317 1436 3370 recte
1453 3312 1579 3371 intelle-

297 3437 423 3498 gamus,
458 3420 556 3479 liceat
589 3420 669 3478 mihi
692 3420 845 3494 exempla
867 3420 986 3489 omnia,
1022 3436 1106 3493 quae
1130 3419 1219 3494 apud
1243 3426 1402 3488 auctores,
1438 3435 1580 3493 quorum

296 3530 330 3587 in
354 3527 556 3603 praefatione
579 3526 776 3585 mentionem
799 3527 875 3596 feci,
910 3527 1132 3604 inveniuntur,
1168 3526 1201 3584 in
1236 3542 1338 3584 unum
1372 3526 1480 3585 locum
1504 3542 1579 3584 0011-

297 3648 422 3712 gerere,
446 3634 567 3709 quippe
591 3648 675 3707 quae
699 3634 806 3691 adhuc
829 3634 985 3708 temporis
1001 3651 1021 3691 a
1035 3633 1165 3692 nemine
1189 3634 1327 3691 collecta
1349 3649 1420 3691 esse
1433 3632 1577 3692 videam.

298 3742 380 3802 Sunt
402 3742 504 3819 igitur
526 3741 622 3800 haec:

296 3867 391 3928 Hom.
417 3861 451 3924 Ξ.
499 3860 541 3924 75
563 3868 635 3945 νῆες
651 3862 722 3924 ὅσαι
744 3866 867 3944 πρῶται
889 3861 1027 3943 εἰρύαται
1049 3862 1120 3943 ἄγχι
1143 3861 1305 3943 θαλάσσης
1325 3860 1470 3941 ἕλκωμεν

344 4018 359 4053 ,,
418 3968 452 4032 Ξ.
476 3968 539 4032 371
565 3969 691 4039 ἀσπίδες
714 3968 804 4032 ὅσσαι
827 3967 948 4050 ἄρισται
970 3968 1014 4031 ἐνὶ
1037 3975 1161 4050 στρατῷ
1183 3967 1241 4050 ἥδε
1261 3969 1401 4050 μέγισται

568 4077 732 4158 ἑσσάμενοι

344 4232 359 4262 „
417 4184 455 4247 K.
479 4183 544 4248 416
567 4183 713 4266 φυλακὰς
734 4180 762 4247 δ’
778 4185 815 4254 ἃς
839 4185 933 4265 εἴρεαι
955 4185 1044 4267 ἥρως
1068 4185 1084 4256 ΙΙ
1108 4186 1192 4254 οὔτις
1213 4186 1381 4266 κεκριμένη
1403 4183 1511 4266 ῥύεται

296 4289 510 4299 -ι--.---

403 4340 414 4379 ¹
432 4342 499 4397 Hoc
517 4343 583 4397 ioco
602 4343 692 4398 liceat
704 4344 776 4397 mihi
791 4349 924 4398 erratum
943 4343 1079 4398 iudicare
1098 4344 1181 4413 quod
1194 4343 1311 4398 Liddell
1330 4349 1361 4399 et
1373 4343 1457 4400 Scott
1476 4343 1574 4399 lexico

242 4465 246 4471 ·
296 4429 555 4502 Graeco-Anglico
584 4432 656 4486 satis
684 4436 756 4487 noto
786 4432 974 4487 admiserunt
996 4449 1018 4487 s.
1038 4449 1066 4486 v.
1088 4433 1245 4501 πρόθυμος.
1275 4432 1336 4488 Pro
1355 4447 1416 4487 usu
1433 4434 1575 4501 πρόθυμος

297 4520 440 4574 adieetivi
459 4536 527 4575 cum
546 4522 692 4591 genetivo
712 4522 864 4576 coniuncti
884 4521 966 4575 allati
986 4528 1055 4576 sunt
1075 4521 1133 4576 ioci
1152 4520 1242 4591 Soph.
1262 4522 1304 4575 El.
1324 4522 1342 4575 3
1361 4527 1391 4576 et
1409 4521 1504 4575 Thuc.
1524 4521 1575 4576 IIL

296 4609 340 4665 67.
353 4608 378 4677 6,
393 4611 503 4678 quibus
517 4611 591 4665 locis
605 4626 774 4681 pronomen
786 4611 841 4665 rel.
854 4612 1033 4681 genetivum
1046 4611 1226 4666 attractione
1239 4610 1345 4665 induit
1370 4610 1492 4665 Nullum
1503 4626 1576 4666 vero

297 4700 470 4770 exemplum
484 4715 606 4771 possum
626 4700 772 4769 invenire,
791 4700 845 4754 ubi
862 4700 1003 4769 πρόθυμος
1022 4701 1199 4771 genetivum
1218 4700 1344 4770 flagitat.
