3492 5500
673 522 850 579 ..43-

228 716 470 790 Relinquantur
494 714 559 774 duo
581 713 644 772 loci
670 713 726 788 qui
751 704 988 771 dubitationem
1004 711 1104 770 affere
1120 717 1265 787 possunt.
1295 710 1402 785 Atque

128 822 247 896 primus
270 822 368 897 Hipp.
389 821 431 880 11.
455 814 556 878 3631)
590 814 644 878 nal
677 813 804 896 λέγοντο
839 814 885 876 ὅτι
913 815 953 876 ἄν
975 837 1019 884 τις
1040 813 1189 897 βούληται
1216 809 1264 875 ὧν
1286 814 1325 875 ἄν
1346 836 1402 895 μοι

128 923 167 992 εἰς
189 921 331 996 ἐιιίάειξιν
353 922 655 1003 παρεσκευασμένον
677 918 707 1004 ᾖ,
735 925 860 985 nullam
884 917 1136 999 explicationem
1160 924 1333 983 admittere
1355 925 1402 982 vi·

129 1035 219 1093 detur
253 1035 318 1093 nisi
342 1033 531 1093 coniectura
553 1037 706 1090 mutatus.
753 1032 825 1107 Qua
848 1032 974 1089 ratione
997 1039 1103 1089 motus
1127 1030 1308 1090 Stallbaum
1331 1046 1402 1106 pro-

127 1138 231 1215 posuit
263 1135 576 1217 ιτοροοκευοομένων
609 1138 656 1196 ita
685 1138 911 1213 praedicatum
939 1138 1035 1197 simul
1063 1138 1290 1196 attraheretur.
1337 1137 1402 1196 Sed

127 1246 185 1305 hac
206 1247 241 1306 in
257 1247 446 1306 coniectura
461 1245 546 1304 inest
560 1261 682 1322 magna
698 1244 891 1314 difficultas,
906 1243 1060 1325 quoniam
1076 1261 1140 1302 non
1156 1244 1268 1319 liquet,
1292 1250 1402 1303 utrum

127 1354 348 1428 praedicatum
374 1369 441 1413 una
470 1368 545 1411 cum
573 1351 764 1427 pronomine
794 1350 987 1409 attractione
1015 1367 1128 1410 casum
1156 1358 1259 1410 mutet
1283 1367 1400 1410 annon.

126 1459 265 1519 Facilior
298 1466 386 1519 certe
421 1476 461 1518 ac
495 1462 592 1536 longe
621 1459 737 1519 melior
760 1464 810 1517 est
833 1457 1017 1516 emendatio
1041 1454 1335 1536 ποροοκευοομένῳ
1359 1458 1401 1517 ab

127 1566 270 1627 Usenero
294 1566 470 1642 proposita.

229 1674 322 1732 Alter
345 1679 395 1732 est
418 1672 530 1749 Symp.
557 1667 671 1747 lias,
695 1671 716 1731 ἀ
745 1668 779 1731 ἀὲ
800 1667 932 1750 μάλιστα
955 1666 1009 1730 καὶ
1031 1663 1080 1730 ὧν
1102 1666 1192 1740 ἔδοξέ
1213 1691 1269 1748 μοι
1291 1667 1401 1749 ἀξιομ-

27 1788 32 1797 ’
126 1772 314 1855 νημόνευτον
346 1775 467 1839 τούτων
500 1776 574 1858 ὑμῖν
596 1776 662 1858 ἐρῶ
685 1776 817 1838 ἑκάστου
839 1774 893 1837 τὸν
915 1774 1016 1856 λόγον.
1051 1779 1109 1837 ubi
1144 1779 1275 1837 codices
1307 1786 1401 1839 vetu-

126 1885 238 1944 stiores
271 1886 445 1946 lectionem
479 1882 764 1965 ἀξιομνημόνευιον
799 1891 1034 1945 conservarunt
1061 1903 1081 1944 a
1104 1885 1344 1944 correctoribus
1367 1886 1401 1944 in
1504 1875 1506 1878 ⁴

126 1986 389 2070 ἀξιομνημόνευτα
417 2000 584 2063 mutatam,
621 1995 750 2052 omnino
789 1994 831 2051 ab
870 1994 932 2051 hac
970 1974 1159 2066 quaestione
1194 1991 1319 2050 alienus
1341 1999 1401 2050 est.

125 2097 204 2158 Tres
238 2100 300 2159 loci
336 2099 533 2159 difficiliores
568 2101 804 2175 explicationes
838 2101 909 2158 fleri
938 2106 1083 2175 possunt.
1130 2100 1196 2159 Aut
1219 2098 1401 2174 pronomini

126 2196 171 2262 ὧν
199 2223 241 2264 ex
264 2203 286 2264 ἅ
307 2212 377 2265 orto
401 2208 601 2267 adieetivum
624 2202 910 2285 ἀξιομνημόνευτον
932 2207 1003 2266 loco
1032 2206 1212 2281 praedicati
1236 2206 1401 2265 adiectum

125 2308 201 2382 est¹,
239 2318 295 2371 aut
328 2313 526 2372 adiectivum
554 2315 688 2393 verbale
726 2309 1012 2392 ἀξιομνημόνευτον
1044 2313 1158 2371 eodem
1194 2313 1301 2381 modo,
1337 2329 1400 2386 quo

127 2419 273 2477 verbalia
307 2420 341 2479 in
377 2416 460 2486 -τόος
494 2421 659 2492 exeuntia,
695 2437 770 2480 cum
804 2421 957 2498 genetivo
984 2419 1245 2496 impersonaliter
1267 2435 1400 2495 usurpa·

126 2530 192 2583 tum
226 2533 285 2584 est.
332 2526 444 2585 Tertia
478 2528 653 2603 explicatio
677 2545 776 2602 quam
803 2529 881 2605 Hug
904 2528 1072 2603 proposuit
1094 2527 1173 2585 mihi
1200 2526 1401 2601 probabilior

125 2631 255 2692 videtur
277 2650 364 2707 esse3
401 2635 494 2693 cuius
517 2634 598 2695 haec
622 2641 697 2693 sunt
720 2635 838 2694 verba:
881 2636 976 2707 „dem
999 2635 1213 2710 Apollodoros
1236 2634 1400 2692 schwebte

126 2737 270 2797 offenbar
292 2739 340 2799 als
363 2739 516 2800 Pradicat
539 2736 807 2820 ἀξιομνημόνευτα
830 2736 928 2809 ἔδοξε,
951 2738 1058 2815 (τοῦτο
1082 2736 1159 2818 ἐρῶ)
1182 2758 1250 2809 vor,
1273 2756 1341 2799 was
1365 2757 1401 2798 er

125 2850 201 2903 statt
224 2847 313 2905 eines
336 2846 395 2906 aus
430 2848 504 2907 dem
527 2848 825 2925 Vorhergehenden
848 2864 889 2907 zu
912 2849 1148 2907 erwartenden
1170 2844 1333 2925 μέμνημαι
1355 2847 1400 2905 in-

125 2951 233 3010 sofern
256 2968 340 3029 ganz
363 2962 422 3030 gut
446 2971 548 3032 sagon
571 2956 703 3025 konnte,
740 2956 788 3015 als
821 2972 899 3014 man
935 2954 1004 3013 sich
1040 2955 1156 3013 dessen
1191 2969 1243 3012 am
1264 2954 1401 3013 chesten

125 3058 276 3130 erinnem,
301 3077 369 3118 was
393 3061 452 3120 der
474 3062 681 3139 Erinnerung
716 3078 769 3120 am
803 3064 941 3121 meisten
975 3062 1105 3138 wiirdig
1132 3062 1184 3120 ist.
1210 3061 1304 3138 *Nun
1327 3062 1401 3119 fallt

124 3164 190 3222 ihm
213 3166 294 3224 aber
313 3167 377 3238 ein,
403 3169 479 3226 dass
502 3185 539 3226 er
560 3169 651 3227 nicht
673 3186 737 3228 nur
759 3170 849 3228 nicht
873 3170 936 3228 alle
960 3169 1182 3227 Einzelheiten
1206 3169 1266 3226 der
1288 3167 1400 3226 Reden

124 3270 303 3331 mittheilen
325 3276 445 3345 werde,
481 3276 622 3334 sondern
659 3277 734 3334 dass
769 3292 805 3334 er
828 3277 913 3335 auch
947 3292 1052 3351 ganze
1075 3276 1188 3334 Reden
1211 3275 1399 3350 iibergehen

122 3378 248 3450 werde3
284 3379 400 3439 darum
423 3382 497 3457 filgt
520 3398 557 3439 er
575 3383 658 3455 jetzt
681 3383 749 3440 lose
773 3383 886 3441 hinnu:
913 3376 966 3439 nal
990 3373 1037 3439 ὥν
1060 3377 1151 3450 ἔδοξέ
1172 3400 1227 3458 μοι
1250 3377 1399 3458 ἀξιομνη·

121 3477 281 3558 μόυευτον.
327 3486 408 3545 Hier
429 3489 527 3546 wirkt
550 3506 617 3547 nun
642 3491 700 3547 das
723 3490 837 3548 frither
859 3488 1264 3565 beabsichtigtePradicat
1288 3488 1400 3546 soweit

122 3589 217 3659 nach,
242 3591 291 3649 als
314 3609 351 3651 er
373 3595 457 3652 auch
481 3595 594 3654 diesen
618 3595 692 3654 Satn
722 3596 811 3653 nieht
835 3612 870 3654 so
894 3597 1057 3672 gestaltet,
1092 3597 1154 3655 wie
1178 3613 1215 3654 er
1237 3597 1292 3654 ibn
1316 3596 1400 3654 ohne

123 3696 187 3754 den
203 3698 495 3775 vorhergehenden
511 3702 664 3777 gestaltet
687 3702 795 3760 haben
810 3704 940 3775 wtirdc;
965 3704 1132 3761 entwedcr
1148 3685 1237 3760 hatte
1261 3718 1297 3760 er
1311 3707 1400 3760 ntim-

121 3802 187 3860 lich
211 3813 327 3881 gesagt
351 3798 399 3864 ὥν
422 3803 511 3875 ἔδοξέ
543 3828 599 3886 μοι
633 3805 720 3878 ἄξιον
744 3826 788 3867 sc.
812 3805 994 3888 marticolae
1028 3810 1083 3867 τοῦ
1117 3804 1214 3886 λόγου
1249 3810 1329 3868 oder
1352 3800 1400 3867 ὧν

119 3903 212 3978 ’ἔδοξέ
234 3929 290 3987 μοι
312 3907 331 3969 ό
353 3907 446 3990 λόγος
469 3909 782 3992 ἀξιομνημόνευτος.“

222 4147 233 4185 ¹
252 4149 300 4205 Sic
319 4150 506 4224 Bernhardy,
525 4155 822 4211 Wissenschai'tliche
841 4155 968 4225 Syntax,
988 4173 1016 4227 p.
1036 4157 1097 4211 336.
