3492 5500
679 521 855 582 ..15-

21 737 33 773 s
130 712 263 776 Theaet.
290 705 524 774 164Αιούιοι
548 710 682 791 γέγονεν,
706 705 805 791 οὗπερ
828 708 945 793 ὄρῶνῑ.

15 848 29 885 .:·
129 824 211 882 Phil.
312 816 391 881 291)
414 817 468 881 καὶ
505 823 570 881 τῶν
608 817 712 880 ἄλλων
751 817 790 900 δὴ
829 818 958 881 πάντων
996 816 1084 881 ὅσων
1123 816 1273 901 ἠρώτησα
1308 814 1412 899 ὀλίγον

417 927 437 988 ἔ
503 925 630 988 occisast.

236 1039 398 1113 Exempla
431 949 533 1113 λέλλροι
555 1037 651 1097 huius
675 1037 805 1113 generis
828 1053 965 1096 numero
989 1043 1065 1097 sunt
1090 1031 1163 1095 106.
1210 1037 1299 1096 Inter
1327 1053 1411 1110 quae

13 1176 26 1211 μ
130 1145 269 1202 formam
284 1136 332 1202 ὧν
348 1149 447 1203 teret
463 1145 607 1220 octogies
623 1143 773 1220 legimus,
790 1135 828 1201 οὗ
845 1144 1082 1218 quaterdecies,
1103 1137 1142 1221 ἧς
1156 1144 1340 1219 quinquies,
1365 1138 1413 1201 οἷν

34 1242 35 1245 ’
131 1245 293 1325 (feminini
305 1246 424 1325 dualis)
437 1251 548 1309 semel.
564 1250 659 1309 Adde
672 1251 759 1323 quod
775 1251 885 1309 omnia
900 1251 1052 1325 exempla
1066 1251 1191 1309 formae
1204 1243 1242 1328 ἧς
1254 1255 1412 1308 attractae

13 1394 17 1405 .
131 1358 165 1416 in
188 1358 236 1416 eis
259 1357 472 1417 inveniuntur
494 1357 671 1416 enuntiatis
694 1358 775 1427 rell,
811 1358 846 1415 in
880 1358 999 1431 quibus
1022 1373 1141 1416 nomen
1165 1358 1208 1415 ad
1231 1358 1319 1431 quod
1342 1372 1413 1431 pro·

130 1480 250 1523 nomen
272 1465 331 1523 rel.
355 1464 564 1523 referendum
588 1470 637 1522 est
665 1464 700 1523 in
729 1465 924 1523 sententiam
947 1465 1006 1522 rel.
1030 1465 1224 1523 translatum
1247 1469 1312 1537 est3
1348 1479 1412 1537 quo

131 1571 219 1629 facto
254 1571 405 1629 attractio
440 1571 571 1630 facilius
594 1571 744 1629 adhiberi
767 1571 882 1646 potuit.
929 1570 992 1630 Sed
1021 1577 1153 1646 praeter
1179 1571 1354 1630 relativum
1377 1565 1414 1634 ὅς

132 1693 310 1752 pronomen
333 1673 415 1743 ὅστις
449 1679 549 1737 semel
584 1683 759 1736 attractum
793 1683 851 1748 est,
887 1678 969 1736 Phil.
992 1672 1036 1736 43
1059 1678 1098 1736 D.
1145 1677 1215 1753 Quo
1244 1694 1319 1736 cum
1341 1677 1413 1735 loco

133 1785 350 1860 componendi
385 1790 460 1844 sunt
493 1785 558 1843 loci
592 1785 739 1860 plerique
774 1786 807 1843 in
842 1785 962 1860 quibus
996 1791 1069 1859 post
1102 1785 1206 1843 verba
1232 1778 1413 1863 βούλεσθαι,

133 1886 258 1967 ἐθέλειν,
283 1908 366 1965 quae
390 1898 465 1951 sunt
488 1893 622 1963 similia,
650 1892 851 1967 supplendus
874 1897 924 1950 est
945 1892 1125 1951 infinitivus
1149 1908 1166 1950 e
1189 1893 1291 1951 verbo
1316 1906 1414 1949 enun-

133 1998 278 2056 tiationis
301 1999 487 2074 primariae.
533 1997 582 2059 Of.
607 2016 636 2057 e.
659 2016 692 2075 g.
716 1998 817 2075 Legg.
841 1998 906 2069 111,
930 1992 993 2057 687
1012 1998 1041 2057 Α
1063 1994 1168 2057 ἄλλων
1189 1993 1344 2076 ἄρχοντος
1366 1988 1415 2055 ὧν

132 2099 319 2182 βουληθεῖεν
353 2097 409 2182 [sc.
431 2098 547 2183 ἄρχειν]
583 2112 615 2164 et
649 2106 849 2181 saepissime.
911 2104 1056 2180 Quorum
1090 2106 1133 2163 ad
1168 2104 1415 2164 similitudinem

134 2210 261 2270 Philebi
276 2212 348 2286 loco
363 2213 455 2271 Plato
471 2214 576 2288 potuit
592 2214 736 2272 scribere
751 2213 847 2289 τριῶν
861 2206 920 2271 οὗν
935 2209 1037 2270 ὄντων
1051 2209 1127 2290 ἡμῖν
1142 2204 1282 2271 ὧντινων
1300 2205 1414 2289 βούλει

134 2317 259 2377 Deinde
283 2320 434 2377 attractio
457 2320 606 2378 adhibita
628 2325 677 2379 est
699 2320 882 2395 pronomini
905 2315 1003 2397 ὅσπερ
1037 2320 1109 2378 loco
1132 2319 1266 2378 Theaet.
1293 2312 1356 2376 164
1375 2319 1415 2380 Α.

135 2425 200 2485 Sed
228 2442 307 2484 num
341 2442 519 2501 pronomen
553 2421 628 2492 ὅσος
660 2428 732 2485 loco
761 2426 889 2485 Philebi
911 2421 999 2485 291)
1022 2425 1210 2484 attractioni
1233 2425 1416 2484 subiectum

135 2533 188 2603 sit,
223 2539 330 2608 potest
364 2534 519 2593 dubitari.
565 2534 701 2594 Etiamsi
725 2534 812 2592 enirn
835 2534 1008 2592 lectionem
1037 2533 1236 2591 deteriorum
1264 2533 1416 2592 codicum

135 2640 299 2712 reicimus,
327 2646 437 2699 tamen
465 2642 574 2700 locum
602 2641 700 2699 facile
729 2641 896 2715 explicare
924 2655 1105 2715 possumus,
1141 2640 1169 2698 si
1193 2639 1240 2697 eis
1263 2640 1416 2698 addimus

135 2763 216 2822 quos
238 2747 325 2807 infra
347 2740 382 2806 in
404 2749 511 2824 capite
535 2749 648 2824 quinto
671 2748 831 2807 tractabo.

241 2855 289 2914 De
324 2872 445 2931 genere
480 2856 680 2930 pronominis
715 2856 835 2913 adnoto
869 2871 1048 2930 pronomen
1081 2855 1189 2914 neutri
1218 2855 1349 2931 generis
1373 2848 1414 2913 79

134 2962 225 3032 locis,
248 2963 422 3021 masculini
448 2955 499 3032 15,
523 2962 673 3021 feminini
698 2957 739 3021 12
762 2977 945 3021 occurrere.
980 2961 1106 3038 Quibus
1129 2962 1210 3021 locis
1232 2962 1415 3038 pronomini

134 3070 315 3127 masculino
338 3076 371 3128 et
394 3069 552 3127 feminino
575 3070 663 3127 notio
685 3086 843 3144 personae
866 3070 987 3144 septies
1021 3076 1149 3129 tantum
1177 3070 1272 3129 inest.
1319 3068 1416 3144 Quin·

134 3174 228 3248 quies
260 3181 369 3235 autem
404 3191 508 3251 genus
542 3176 764 3252 colligendum
788 3183 837 3235 est
859 3194 877 3235 e
901 3182 1059 3236 contextu
1092 3177 1258 3247 orationis,
1294 3175 1364 3234 Alc.
1389 3176 1415 3234 I.

136 3274 201 3337 104
216 3280 252 3352 Β,
287 3282 411 3358 Theag.
438 3276 502 3340 124
517 3280 551 3352 C,
587 3280 687 3358 Gorg.
705 3275 771 3340 512
788 3282 821 3353 O,
857 3283 1002 3357 Euthyd.
1018 3277 1085 3341 304
1101 3281 1134 3353 0,
1160 3282 1271 3358 Symp.
1297 3277 1359 3342 177
1377 3284 1415 3341 E.

133 3388 280 3462 Reliquis
295 3389 376 3447 locis
403 3389 578 3464 adponitur
603 3390 802 3449 vocabulum
829 3389 993 3465 generale,
1017 3394 1054 3448 ut
1070 3383 1198 3467 ἀνδρῶν
1214 3389 1268 3447 vel
1285 3384 1415 3466 ἀνθρώ-

132 3513 216 3554 πων.
262 3494 311 3556 Of.
335 3494 434 3572 Gorg.
458 3490 578 3566 4691),
602 3489 718 3555 5156.

241 3603 348 3661 Etiam
383 3604 424 3661 de
458 3619 593 3662 numero
628 3608 678 3661 est
712 3603 800 3677 quod
834 3608 1114 3663 commemoretur.
1177 3603 1262 3662 Nam
1296 3603 1416 3678 plurali

134 3709 307 3783 quinquies
331 3715 363 3768 et
386 3710 530 3786 octogies
553 3709 704 3768 attractio
728 3709 858 3779 accidit,
883 3710 986 3768 vicies
1010 3710 1178 3786 singulari,
1202 3710 1302 3768 semel
1326 3710 1416 3768 duali

133 3811 180 3890 (et
203 3816 238 3874 id
261 3816 394 3890 quidem
417 3816 451 3874 in
486 3817 617 3893 dialogo
640 3816 828 3891 Hipparcho
855 3817 912 3890 qui
935 3816 1063 3875 Platoni
1090 3817 1173 3874 falso
1201 3813 1415 3892 attribuitur).

133 3920 317 3998 Singularis
340 3923 470 3998 generis
493 3923 666 3981 masculini
688 3940 754 3982 non
776 3928 895 3982 exstat.
1039 4005 1041 4008 Ι

242 4028 436 4104 Saepissime
452 4036 562 4089 autem
577 4031 611 4088 in
628 4035 751 4089 enuntt.
768 4031 839 4089 rell.
856 4035 1032 4090 occurrunt
1047 4030 1150 4089 verba
1166 4030 1308 4100 dicendi,
1324 4030 1416 4088 velut

132 4130 232 4212 λέγειν
254 4136 354 4195 semel
370 4142 403 4195 et
418 4137 531 4207 vicies,
555 4133 649 4196 εἰπεῖν
672 4137 789 4208 sexies,
814 4138 911 4215 φῆναι
934 4138 995 4206 bis,
1020 4132 1175 4214 εἰρηκέναι
1198 4138 1308 4206 semel,
1333 4130 1415 4215 διέρ-

241 4410 252 4448 ¹
271 4410 398 4467 Codices
414 4412 563 4483 praebent
581 4413 653 4482 ὀρῶν
666 4411 749 4483 quod
759 4418 947 4468 correctores
963 4412 994 4466 in
1013 4413 1063 4483 ὁρᾷ
1081 4417 1195 4467 temere
1207 4397 1414 4468 correxerunt.

240 4499 253 4537 ²
270 4502 413 4557 Nonnulli
433 4503 559 4571 codices,
579 4508 613 4557 ut
625 4502 862 4558 Bckkerianire
876 4504 909 4567 Σ,
928 4503 1078 4573 praebent
1096 4503 1223 4572 ἠρώτησα
1241 4503 1300 4571 ιιὲρι
1320 4503 1363 4556 ita
1381 4507 1417 4556 ut

133 4592 274 4646 attractio
294 4592 423 4659 tollatur,
444 4607 573 4661 quorum
586 4594 761 4646 auctoritati
770 4593 859 4647 cessit
871 4591 1001 4646 Bekker.
1022 4589 1149 4646 Codices
1162 4607 1236 4646 vero
1249 4592 1416 4646 deteriores

133 4695 188 4733 cur
216 4695 380 4749 sequamur
405 4681 486 4735 iusta
513 4696 575 4735 non
599 4686 645 4735 est
663 4694 767 4734 causa.
805 4680 883 4735 Nam
901 4681 987 4735 locus
1006 4681 1165 4735 sanabitur
1184 4680 1284 4735 deleto
1303 4680 1416 4750 glosse-

132 4773 214 4826 mate
232 4770 318 4830 οὕτως
336 4770 485 4839 ἀποκρινεῖ.
