3492 5500
679 501 855 563 „31-

131 692 197 755 alia
220 711 319 756 causa
342 694 435 768 inest,
460 676 544 771 quae
567 695 666 755 vitari
694 696 922 755 attractionem
945 693 1086 754 iusserit.
1144 689 1249 769 Quam
1271 690 1313 752 ob
1337 706 1407 753 rem

128 805 339 864 statuendum
362 812 421 874 est,
456 821 560 880 genus
583 804 799 863 masculinum
823 819 862 860 ac
886 802 1080 860 femininum
1103 802 1289 860 attractioni
1312 794 1406 860 vehe-

127 911 328 969 mentissime
352 911 517 970 obstitisse
540 917 572 970 et
596 926 708 968 casum
731 915 885 984 quartum
908 909 1001 982 qnasi
1028 909 1170 983 patrium
1198 924 1256 983 pro
1279 908 1406 966 viribus

128 1016 340 1075 defendisse.

124 1143 127 1149 ’
234 1122 332 1182 Odius
355 1125 403 1182 rei
427 1140 511 1198 quae
535 1140 635 1183 causa
657 1123 757 1183 fuerit
772 1140 839 1182 non
854 1130 1000 1199 apparet.
1035 1123 1119 1181 Nam
1142 1139 1223 1197 quas
1235 1118 1405 1181 Foerster¹

127 1235 160 1288 et
176 1226 377 1289 Bohlmann²
401 1232 578 1290 attulerant
602 1247 717 1290 causas
734 1232 817 1289 bene
834 1231 1004 1307 redarguit
1015 1225 1171 1299 Reiserti,
1196 1230 1252 1304 qui
1276 1230 1406 1288 demon·

123 1337 244 1395 stravit
272 1353 451 1412 pronomen
479 1338 696 1396 masculinnm
730 1337 813 1396 illud
847 1337 935 1410 quod
957 1338 1122 1396 notionem
1150 1337 1197 1395 rei
1225 1337 1405 1395 contineret

126 1444 271 1517 paullulo
295 1445 425 1519 saepius
449 1451 623 1504 attractum
659 1461 729 1504 esse
764 1461 862 1518 quam
886 1445 921 1502 id
949 1444 1037 1518 quod
1059 1444 1225 1503 notionem
1247 1460 1405 1519 personae

126 1550 339 1624 exprimerem
365 1567 403 1609 ac
426 1569 468 1609 ne
491 1568 556 1610 nno
581 1551 712 1625 quidem
736 1552 806 1609 loco
831 1551 1017 1610 attractioni
1038 1552 1221 1610 subiectum
1248 1567 1319 1610 esse
1335 1567 1405 1625 pro·

127 1672 246 1715 nomen
269 1657 462 1717 femininum
486 1659 573 1732 quod
607 1675 780 1733 personam
815 1658 1026 1734 significaret.
1072 1659 1267 1717 Attractioni
1295 1664 1405 1717 antem

126 1763 303 1822 obnoxiam
326 1764 426 1823 fuisse
449 1766 613 1824 notionem
636 1782 794 1840 personae
829 1765 927 1823 facile
950 1765 1097 1841 intellegi
1118 1771 1234 1840 potest,
1270 1783 1313 1823 ex
1340 1782 1405 1838 qua

127 1886 227 1930 causa
250 1871 392 1929 arbitror
414 1872 578 1948 gradatim
602 1873 754 1931 effectum
771 1889 852 1941 esse,
877 1878 913 1930 ut
931 1888 1118 1946 pronomen,
1143 1872 1404 1945 quandocunque

126 1977 300 2036 masculini
316 1978 369 2035 vel
392 1977 542 2036 feminini
565 1980 696 2054 generis
720 1986 815 2049 esset,
840 1979 968 2037 etiamsi
991 1979 1157 2037 notionem
1180 1979 1228 2037 rei
1245 1979 1404 2054 exprime-

126 2088 186 2153 ret,
221 2089 331 2143 tamen
365 2085 408 2142 ad
442 2084 689 2144 similitudinem
712 2091 895 2144 ceterorum
930 2086 1154 2160 exemplorum
1177 2086 1404 2144 attractionem

126 2191 309 2264 repelleret.
356 2189 445 2264 Quae
469 2192 632 2250 sententia
654 2209 693 2250 eo
716 2193 787 2251 veri
809 2192 945 2250 similior
967 2192 1014 2263 flt,
1038 2193 1126 2267 quod
1149 2210 1192 2250 ex
1215 2198 1322 2251 aetate
1342 2192 1404 2250 He-

126 2296 233 2354 rodoti
256 2312 359 2370 nsque
383 2298 426 2355 ad
448 2296 617 2356 Platonem
641 2299 761 2357 sensim
786 2299 987 2358 deminuitur
1007 2315 1162 2359 numerus
1186 2315 1298 2357 eorum
1321 2299 1404 2356 loco-

126 2417 209 2471 rum,
233 2403 290 2476 qni
312 2419 490 2477 pronomen
513 2405 730 2463 masculinnm
745 2406 799 2464 vel
815 2406 1009 2465 femininum
1025 2412 1200 2465 attractum
1216 2405 1372 2463 exhibent
1379 2399 1403 2462 ⁴.

233 2508 343 2568 Unum
366 2515 475 2568 autem
498 2516 607 2570 exstat
630 2514 817 2587 exemplum
845 2529 910 2587 quo
945 2513 1154 2572 accusativus
1182 2512 1239 2586 qui
1263 2512 1404 2586 spatium

126 2615 281 2688 temporis
307 2616 432 2674 indicat
455 2618 489 2675 in
512 2618 703 2693 genetivum
736 2635 801 2677 non
825 2619 916 2690 abiit,
952 2618 1086 2678 Theaet.
1113 2612 1175 2677 158
1188 2619 1227 2677 D.
1274 2618 1338 2677 Sed
1362 2620 1403 2677 de

126 2722 188 2780 hac
211 2737 247 2780 re
270 2722 377 2797 capite
400 2723 549 2798 proximo
574 2724 805 2799 disputabitur.

232 2829 280 2888 De
302 2829 409 2905 figura
430 2825 634 2908 ripoariorum,
659 2848 743 2905 quae
766 2832 953 2891 attractioni
976 2833 1208 2908 impedimento
1234 2834 1286 2892 bis
1302 2834 1403 2893 fuisse

125 2935 266 3007 videtur,
291 2935 377 2995 Crat.
400 2931 517 3008 392A,
542 2937 675 2997 Theaet.
702 2933 763 2998 147
777 2940 812 3008 B,
836 2956 902 2998 non
924 2956 1006 3015 opus
1029 2947 1078 2999 est
1101 2941 1219 3000 dicam.

233 3041 297 3101 Sed
319 3044 438 3116 reliqui
462 3050 537 3103 sunt
559 3039 603 3102 26
627 3045 700 3116 loci,
730 3047 850 3120 quibus
873 3048 1025 3106 attractio
1059 3065 1125 3107 non
1159 3048 1304 3106 admissa
1337 3065 1403 3106 non

125 3148 223 3207 facile
248 3151 441 3225 explicatur.
465 3151 602 3226 Propter
630 3154 886 3213 enuntiationem
909 3171 987 3214 sane
1012 3156 1192 3232 longiorem
1220 3156 1325 3213 omitti
1349 3172 1402 3230 po·

126 3255 190 3313 tuit
213 3257 363 3315 attractio
379 3258 517 3316 Phaedr.
535 3252 636 3319 2490
652 3255 826 3334 (sententia
848 3262 907 3319 rel.
932 3279 975 3320 ex
993 3256 1034 3319 19
1057 3263 1228 3321 vocabulis
1251 3257 1400 3335 constat).

125 3361 211 3420 Ante
235 3379 353 3421 nomen
376 3380 495 3440 regens
523 3366 629 3440 posita
653 3374 728 3426 sunt
751 3368 922 3426 enuntiata
944 3369 1014 3426 rell.
1039 3369 1119 3427 locis
1142 3370 1213 3428 Alo.
1226 3370 1268 3428 Π.
1295 3364 1400 3441 138Β,

123 3467 248 3544 Theag.
275 3463 337 3527 128
350 3470 389 3528 D.
413 3471 494 3530 Phil.
518 3465 609 3531 3513.
656 3472 907 3533 Coniunctivum
940 3476 994 3534 vel
1029 3477 1210 3551 optativum
1244 3478 1402 3536 exhibent

122 3574 195 3633 Alc.
219 3576 245 3634 I.
271 3570 374 3647 1340,
399 3578 492 3653 Apol.
517 3573 557 3637 31
572 3579 611 3638 D.
646 3580 714 3639 Pol.
738 3575 854 3640 4121).
891 3582 1014 3659 Theag.
1041 3578 1155 3643 1281).
1202 3586 1243 3642 Et
1266 3586 1401 3645 alterius

122 3681 212 3754 quod
236 3682 307 3740 dixi
330 3684 383 3741 vel
418 3686 614 3744 substantivi
648 3688 779 3762 generis
809 3695 884 3747 sunt
907 3689 978 3747 Alc.
1002 3690 1028 3747 Ι.
1054 3685 1157 3750 1340.
1191 3691 1259 3750 Pol.
1283 3686 1348 3750 538
1361 3693 1400 3750 A.

122 3786 211 3863 Quos
223 3790 311 3847 locos
327 3807 448 3862 omnes,
473 3808 671 3867 quamquam
691 3794 941 3871 diligentissime
958 3804 990 3855 et
1002 3798 1246 3856 accuratissime
1262 3798 1400 3873 inspexi,

122 3910 250 3965 causas,
275 3912 334 3954 cur
356 3899 507 3957 attractio
529 3901 681 3976 neglecta
704 3901 755 3972 sit,
780 3902 911 3960 omnino
934 3919 986 3960 me
1009 3904 1111 3961 latere
1139 3905 1305 3963 confiteor.
1342 3906 1401 3964 Ea·

121 4001 198 4059 dem
222 4002 321 4060 ctiam
344 4004 519 4063 difficultas
533 4005 677 4065 Platonis
694 4014 965 4067 commentatores
981 4015 1014 4067 et
1029 4010 1171 4069 editores
1195 4011 1399 4071 doctissimos

120 4123 262 4166 vexasse
284 4108 427 4180 videtur,
463 4126 601 4184 quorum
632 4130 697 4172 non
730 4115 829 4189 pauci
851 4116 902 4173 his
925 4116 1006 4174 locis
1029 4116 1205 4191 periclitati
1229 4125 1304 4177 sunt
1327 4135 1400 4178 con-

153 4349 156 4354 .
222 4293 296 4351 ¹Cf.
314 4314 343 4368 p.
362 4298 406 4353 39.

220 4382 283 4439 2Ρ.
300 4386 327 4440 4.

112 4515 117 4523 .
221 4471 283 4528 ΒΡ.
302 4475 337 4530 16
355 4491 399 4545 sq.

220 4560 233 4599 ⁴
251 4563 294 4619 Cf.
313 4566 449 4622 tabulam
467 4585 495 4639 p.
516 4567 558 4623 50.
596 4568 643 4624 Ex
667 4575 730 4625 toto
754 4586 881 4627 numero
906 4573 1114 4645 exemplorum
1133 4579 1178 4629 est
1197 4575 1355 4630 masculini
1368 4580 1399 4632 et

112 4652 361 4796 leminiuinapnd
378 4655 568 4712 Herodotum
587 4674 659 4729 pars
673 4660 734 4729 ..583
754 4660 837 4730 apud
856 4662 1065 4732 Thucydidem
1084 4665 1140 4734 ‚183
1159 4664 1214 4718 sed
1232 4665 1315 4735 apud
1333 4664 1399 4719 Pla·

117 4747 223 4799 tonem
242 4782 249 4797 .
287 4782 294 4797 .
