3492 5500
692 1374 861 1459 Vita.

239 1711 342 1770 Natus
366 1726 437 1768 sum
460 1708 655 1767 Franciscus
670 1706 857 1765 Ludovicus
881 1721 946 1764 vau
967 1704 1058 1765 Oleef
1080 1721 1166 1763 anno
1190 1704 1221 1762 h.
1246 1720 1272 1762 s.
1295 1702 1411 1772 LXIII,

132 1818 187 1876 die
209 1817 275 1877 XX
297 1833 399 1875 mens.
423 1816 509 1886 Maii,
534 1815 568 1873 iu
591 1815 711 1890 oppido
735 1813 878 1871 civitatis
902 1810 1047 1870 Ohianae
1070 1812 1295 1880 Americanae,
1320 1815 1412 1885 patre

132 1922 274 2001 Georgio
297 1925 439 1994 Ausone,
474 1929 579 1981 matre
602 1921 705 1979 Maria
734 1921 898 1996 degente
922 1919 1030 1988 Knorr,
1066 1919 1186 1993 quibus
1209 1918 1413 1992 superstibus

132 2031 241 2091 adhuc
275 2031 414 2107 gaudeo.
461 2029 555 2088 Fidei
590 2028 743 2086 addictus
771 2043 842 2085 sum
866 2025 1089 2102 evangelicae.
1136 2024 1286 2084 scholam
1309 2025 1413 2099 publi·

133 2154 205 2196 cam
240 2142 413 2213 postquam
447 2135 601 2195 undecim
628 2151 731 2193 anuos
754 2134 973 2209 frequentavi,
1008 2132 1192 2191 testimonio
1215 2132 1412 2192 maturitatis

133 2244 321 2314 instructus,
357 2242 480 2302 contuli
515 2258 567 2300 me
602 2241 646 2299 ad
679 2241 929 2301 universitatem
964 2238 1222 2309 Oberliuensem‚
1261 2240 1319 2300 ubi
1354 2255 1413 2314 per

132 2357 287 2424 quattuor
318 2366 420 2408 annos
451 2355 606 2419 moratus,
654 2348 772 2407 artium
805 2347 992 2407 liberalium
1026 2347 1261 2405 baccalaureus
1296 2362 1412 2404 renun-

130 2457 231 2516 tiatus
267 2474 349 2515 sum.
395 2456 480 2514 Hinc
515 2456 549 2514 in
582 2455 830 2514 universitatem
864 2453 1129 2512 Harvardianam
1163 2458 1324 2529 receptus,
1370 2453 1412 2511 ad

130 2565 271 2640 gradum
294 2563 503 2622 baccalaurei
537 2579 659 2638 magna
693 2579 768 2621 cum
802 2562 901 2620 laude
936 2562 970 2620 in
1005 2560 1131 2619 artibus
1154 2560 1317 2619 admissus
1341 2576 1412 2618 sum

131 2686 216 2728 auno
240 2667 404 2728 LXXXV.
450 2668 567 2728 Postea
602 2669 725 2727 ibidem
757 2668 992 2742 dedioperam
1016 2668 1133 2726 studiis
1157 2662 1330 2744 philologis
1354 2683 1413 2742 per

130 2778 236 2836 sexies
272 2793 331 2835 sex
365 2793 504 2836 menses.
550 2777 676 2835 Deinde
711 2776 937 2835 universitatis
971 2775 1152 2834 Bonnensis
1186 2792 1246 2851 per
1279 2781 1330 2835 ter
1352 2792 1411 2834 sex

130 2897 257 2942 menses
281 2884 330 2942 fui
354 2884 448 2989 civis.

284 3026 472 3089 Doeuerunt
495 3042 547 3085 me
570 3025 634 3083 viri
658 3024 830 3083 clarissimi
854 3025 960 3096 Allen,
999 3024 1169 3096 Goodwin‚
1205 3024 1411 3102 Greeucugh,

180 3132 278 3202 Lane,
302 3132 458 3202 Lanmau,
483 3131 597 3202 Smith,
613 3131 739 3201 white,
763 3131 1000 3204 Harsardianu
1030 3132 1198 3202 Aufrecht,
1223 3133 1412 3203 Buecheler,

177 3238 306 3309 Jacobi,
323 3238 462 3309 Kekule‚
486 3239 661 3308 Luebbert,
686 3239 813 3309 Nissen,
839 3239 975 3308 Usener,
999 3240 1198 3298 Bonnenses.

240 3378 412 3438 seminarii
447 3380 603 3457 philologi
637 3380 859 3439 Harvardiani
894 3397 953 3456 per
987 3382 1095 3440 sexies
1130 3398 1190 3440 sex
1213 3397 1341 3440 menses
1364 3382 1412 3442 fui

132 3487 251 3545 sodalis
290 3486 487 3545 ordinarius.
545 3486 845 3546 Exercitationibus
885 3487 1106 3564 epigraphicis
1144 3494 1181 3547 ut
1219 3489 1410 3547 interessem

132 3591 237 3663 tillon,
274 3592 510 3670 archeologiois
533 3594 672 3664 Kekule,
708 3595 882 3671 philologis
905 3595 1085 3655 Buecheler
1108 3596 1251 3672 benigne
1275 3597 1412 3655 admise-

131 3705 217 3758 runt.
264 3699 391 3774 Quibus
425 3701 506 3759 viris
540 3701 692 3759 omnibus
726 3701 850 3778 gratias
886 3702 990 3760 habeo
1025 3702 1196 3761 maximas.
1248 3701 1412 3777 Imprimis

133 3820 209 3864 vero
244 3805 406 3877 Allenmn,
442 3806 609 3878 Whitium,
646 3808 909 3881 Harvardian0s;
950 3809 1195 3880 Buechelerum,
1225 3809 1411 3880 Jaoobium,

131 3910 323 3982 Usenerum,
347 3914 536 3973 Bonnenses
560 3915 742 3974 studiorum
765 3931 913 3974 meorum
929 3916 1074 3975 fautores
1086 3918 1412 3977 benevolentssiimos

132 4019 317 4094 gratissimo
342 4021 447 4079 colam
471 4022 590 4079 animo.
