3492 5500
861 496 1038 571 49-

417 700 546 779 Reliqui
581 710 657 764 suut
688 704 801 763 decem
833 704 908 774 loci,
944 703 1062 778 quibus
1086 702 1237 762 attractio
1261 704 1331 763 sine
1354 705 1479 764 ratione
1502 710 1602 764 certa

313 801 472 886 nobisque
495 811 670 887 perspicua
692 812 844 887 neglecta
866 817 926 869 est.
974 810 1038 870 Sed
1071 826 1204 869 causam
1227 810 1431 870 attractionis
1454 813 1601 871 omissae

313 918 418 978 tribus
441 919 521 977 locis
544 918 683 977 fortasse
706 934 779 977 earn
803 917 997 988 dixerimus,
1022 917 1111 991 quod
1134 917 1364 976 coniunctivus
1379 914 1419 975 ἄν
1434 918 1603 993 particula

313 1024 443 1085 adiecta
466 1026 650 1085 adhibetur.
696 1024 738 1084 lit
761 1024 810 1084 his
834 1041 963 1099 quoque
987 1023 1067 1083 locis
1094 1029 1131 1082 ut
1154 1025 1315 1083 similibus
1336 1024 1454 1099 prioris
1477 1024 1601 1098 capitis

312 1134 377 1193 viri
401 1135 488 1193 docti
512 1134 756 1195 emendationes
779 1138 1018 1209 proposuerunt
1041 1149 1079 1191 co
1104 1133 1249 1202 consilio,
1284 1137 1321 1191 ut
1354 1137 1410 1190 aut
1442 1130 1600 1189 attractio

313 1241 525 1301 induceretur
547 1246 604 1300 aut
627 1240 762 1300 offensio
786 1246 1020 1299 removeretur.
1146 1232 1148 1235 ’

400 1364 603 1441 ‚Singularis
626 1366 752 1425 numeri
776 1371 852 1424 sunt
875 1365 908 1422 hi
931 1364 1015 1437 loci3

314 1472 458 1548 Euthyd.
491 1466 595 1531 289Β
617 1467 756 1551 χρῆσθαι
778 1466 881 1548 τούτῳ
903 1468 923 1528 ὃ
945 1468 985 1528 ἂν
1005 1471 1088 1549 ποιῇ.

315 1578 436 1637 Phaed.
494 1572 594 1639 1020
617 1580 664 1654 τῷ
684 1573 812 1654 μεγέύει
833 1574 853 1634 ὃ
875 1573 1017 1655 τυγχάνει
1040 1573 1131 1653 ἔχων.

314 1682 412 1742 Lach.
494 1677 591 1742 1940
615 1679 633 1742 δ
657 1678 717 1760 γὰρ
749 1678 813 1759 ἐγὼ
846 1684 904 1741 σοῦ
936 1678 998 1761 ἤδη
1030 1676 1138 1747 καλῶς
1159 1676 1303 1758 λέγοντος
1325 1677 1461 1759 ἀκήκοα,
1493 1676 1600 1757 τούτῳ

612 1786 652 1849 ού
674 1785 804 1870 χρῆσθε.

315 1895 415 1974 Gorg.
483 1890 587 1956 5191)
611 1890 729 1956 ἀδικεῖν
750 1892 852 1974 τούτῳ
876 1893 895 1955 ὃ
919 1892 978 1955 οὐκ
1002 1893 1126 1974 ἔχουσιν
1140 1891 1169 1967 ¹,·

363 2046 378 2076 „
486 1996 588 2062 520ss
611 1999 713 2081 τούτῳ
736 2005 783 2079 τῷ
805 1999 972 2080 πράγματι,
996 1999 1014 2062 δ
1037 1996 1126 2061 ούτοὶ
1147 1994 1348 2060 παιδεύουσιν
1362 1997 1383 2069 ²,

317 2109 418 2186 Legg.
431 2109 470 2168 V.
484 2103 588 2168 733A'
611 2105 713 2187 τούτῳ
736 2105 755 2166 ὃ
777 2105 889 2174 πάντες
913 2105 1074 2186 ζητοῦμεν,

425 2232 564 2292 Pluralis
587 2238 661 2291 sunt
684 2233 732 2291 hi:

316 2336 459 2414 Euthyd.
492 2333 596 2397 2901)
619 2334 758 2416 χρῆσθαι
780 2335 900 2404 τούτοις
922 2336 942 2396 ἃ
966 2334 1153 2416 ἕθὴρεοοον.

317 2444 403 2506 Crat.
491 2439 593 2503 434ss
617 2439 711 2523 ὅμοια
735 2441 818 2513 ὄντα,
847 2458 866 2494 s
892 2458 911 2493 t
936 2459 956 2494 s
981 2458 1000 2493 t
1025 2458 1073 2513 t,
1106 2439 1233 2509 ἐκείνοις
1264 2440 1285 2500 ἃ
1317 2446 1453 2521 μιμεῖται
1475 2441 1495 2522 ἡ
1520 2464 1598 2522 γρο-

644 2549 718 2624 tufi·

316 2658 437 2717 Phaed.
495 2651 596 2716 1041)
619 2571 744 2736 11111ιὴ
768 2659 832 2717 τῶν
863 2659 959 2736 τριῶν
990 2654 1056 2716 itta
1089 2640 1229 2738 κατάσχῃ
1261 2648 1381 2737 ἀνάγνη
1405 2654 1510 2723 αὐτοῖς
1533 2654 1600 2718 κτλ.

269 2839 271 2842 Υ
317 2761 385 2825 Pol.
420 2766 446 2825 I.
492 2758 593 2826 345ss
616 2763 636 2825 ἃ
659 2764 699 2825 ἂν
721 2763 817 2845 εἴπῃς,
841 2762 955 2844 ἔμμενε
977 2762 1105 2835 τούτοις,

349 3065 707 3127 Adnotationes'de
730 3055 991 3126 attractionis
1014 3083 1087 3128 usu
1110 3069 1321 3126 Platonico
1344 3069 1566 3144 generales.

425 3191 535 3252 Genus
559 3193 697 3251 alterum
720 3192 808 3267 quod
832 3193 875 3251 ab
896 3193 968 3251 aliis
993 3194 1232 3252 substantivum
1257 3193 1381 3251 dictum
1404 3201 1454 3251 est
1480 3207 1539 3266 per
1564 3209 1600 3250 se

318 3300 486 3358 existimes
502 3301 779 3359 accommodatius
801 3316 872 3359 esse
897 3300 1092 3358 attractioni.
1128 3300 1211 3357 Nam
1235 3300 1288 3358 fac
1312 3300 1515 3358 enuntiatum
1538 3301 1600 3358 rel.

318 3406 408 3465 vices
430 3407 569 3465 nominis
592 3407 639 3464 ita
661 3423 787 3483 gerere,
811 3413 847 3465 ut
871 3407 1050 3465 sententiae
1073 3406 1248 3479 primariae
1264 3408 1389 3464 nullum
1405 3407 1602 3484 insitvvoca-

318 3514 442 3583 bulum,
475 3513 563 3587 quod
595 3529 690 3571 casus
721 3513 917 3572 substantivi
939 3512 1099 3570 vicarium
1123 3529 1194 3571 esse
1217 3513 1337 3587 possit3
1370 3530 1448 3572 num
1480 3513 1601 3571 mirum

319 3627 368 3680 est
391 3636 568 3695 pronomen
591 3620 660 3689 rel,
684 3626 720 3677 ut
743 3620 857 3677 relatio
882 3619 1112 3677 enuntiationis
1145 3620 1202 3678 rel.
1227 3620 1270 3677 ad
1293 3620 1396 3678 verba
1419 3620 1601 3678 sententiae

319 3727 493 3803 primariae
517 3726 613 3801 plane
636 3726 835 3795 ostendatur,
868 3742 928 3801 per
960 3725 1226 3784 assimilationem
1259 3742 1370 3783 casum
1403 3725 1601 3784 substantivi

320 3834 466 3903 induere,
500 3833 596 3907 quod,
630 3848 704 3891 cum
738 3832 806 3890 vim
839 3840 871 3890 et
904 3833 1100 3909 gravitatem
1133 3833 1176 3890 ad
1209 3848 1244 3890 se
1267 3831 1510 3890 defendendum
1532 3849 1601 3890 non

319 3939 465 4009 haberet,
489 3955 621 4015 prorsus
644 3939 803 3997 evanuit?
838 3938 943 4014 Quam
966 3939 1008 3996 ob
1024 3955 1094 3997 rem
1110 3939 1262 3997 Foerstcr
1284 3954 1342 3996 suo
1365 3938 1436 3996 iure
1460 3939 1602 3997 coniecit

320 4063 414 4107 omne
438 4047 499 4104 hoc
522 4046 724 4104 attractionis
748 4062 851 4122 genus
875 4046 1004 4104 initium
1028 4045 1153 4120 cepisse
1177 4046 1220 4103 ab
1243 4027 1419 4103 enuntiatis
1443 4046 1513 4103 rell.
1526 4045 1602 4104 sub

321 4148 504 4212 stantivisi.
549 4154 633 4212 Nam
667 4154 701 4211 in
734 4170 869 4211 numero
904 4154 1127 4227 exemplorum
1160 4153 1248 4229 apud
1271 4153 1470 4226 Aeschylum
1492 4168 1602 4226 reper-

320 4267 437 4332 torum,
470 4260 526 4334 qui
558 4260 681 4334 primus
714 4261 872 4331 omnium,
907 4275 1044 4333 quorum
1077 4260 1199 4335 scripta
1230 4259 1324 4317 nobis
1358 4259 1481 4316 tradita
1514 4264 1602 4329 sunt,

321 4366 548 4425 attractionem
580 4366 724 4434 adhibet,
756 4368 909 4441 exempla
941 4366 1137 4425 substantivi
1160 4367 1248 4440 quod
1280 4366 1336 4424 illc
1360 4365 1446 4423 dixit
1469 4366 1603 4442 generis

420 4566 432 4606 ¹
449 4572 476 4626 B
498 4572 684 4641 Tpraebent
701 4574 724 4625 ὅ.
761 4571 905 4626 Laurent.
924 4570 973 4626 VI.
992 4572 1035 4640 85,
1055 4571 1177 4627 Bekker
1195 4572 1228 4641 ᾧ.

419 4656 473 4785 :qi
492 4673 531 4715 ex
550 4659 762 4716 emendatione
780 4657 1031 4716 Meermanianus.
1070 4660 1113 4716 Cf.
1133 4676 1256 4731 quoque
1274 4657 1351 4715 Astii
1368 4658 1420 4713 XI.
1438 4658 1499 4713 443.

452 4747 494 4805 Cf.
514 4765 543 4819 p.
562 4748 605 4803 68.
