<?xml version="1.0" encoding="UTF-8"?>
<!DOCTYPE html PUBLIC "-//W3C//DTD XHTML 1.0 Transitional//EN"
    "http://www.w3.org/TR/xhtml1/DTD/xhtml1-transitional.dtd">
<html xmlns="http://www.w3.org/1999/xhtml" xml:lang="en" lang="en">
 <head>
  <title>
</title>
<meta http-equiv="Content-Type" content="text/html;charset=utf-8" />
  <meta name='ocr-system' content='tesseract 3.04.00' />
  <meta name='ocr-capabilities' content='ocr_page ocr_carea ocr_par ocr_line ocrx_word'/>
</head>
<body>
  <div class='ocr_page' id='page_1' title='image "./deattractionisi00cleegoog_0018.png"; bbox 0 0 3492 5500; ppageno 0'>
   <div class='ocr_carea' id='block_1_1' title="bbox 907 508 1067 568">
    <p class='ocr_par' dir='ltr' id='par_1_1' title="bbox 907 508 1067 568">
     <span class='ocr_line' id='line_1_1' title="bbox 907 508 1067 568; baseline 0 -15"><span class='ocrx_word' id='word_1_1' title='bbox 907 508 1067 568; x_wconf 32' lang='grc' dir='ltr'><strong>,τιὰ</strong></span> 
     </span>
    </p>
   </div>
   <div class='ocr_carea' id='block_1_2' title="bbox 344 692 1635 1637">
    <p class='ocr_par' dir='ltr' id='par_1_2' title="bbox 344 692 1635 1294">
     <span class='ocr_line' id='line_1_2' title="bbox 451 692 1635 779; baseline 0.006 -22"><span class='ocrx_word' id='word_1_2' title='bbox 451 692 577 758; x_wconf 79' lang='lat' dir='ltr'>Deinde</span> <span class='ocrx_word' id='word_1_3' title='bbox 601 695 693 771; x_wconf 86' lang='lat' dir='ltr'><strong>iilud,</strong></span> <span class='ocrx_word' id='word_1_4' title='bbox 717 711 793 758; x_wconf 90' lang='lat' dir='ltr'><strong>cnm</strong></span> <span class='ocrx_word' id='word_1_5' title='bbox 815 714 934 759; x_wconf 89' lang='lat' dir='ltr'><strong>nomen</strong></span> <span class='ocrx_word' id='word_1_6' title='bbox 963 700 1007 758; x_wconf 91' lang='lat' dir='ltr'><strong>ad</strong></span> <span class='ocrx_word' id='word_1_7' title='bbox 1036 700 1125 775; x_wconf 90' lang='lat' dir='ltr'><strong>quod</strong></span> <span class='ocrx_word' id='word_1_8' title='bbox 1147 716 1326 777; x_wconf 83' lang='lat' dir='ltr'>pronomen</span> <span class='ocrx_word' id='word_1_9' title='bbox 1356 701 1414 763; x_wconf 90' lang='lat' dir='ltr'><strong>rel.</strong></span> <span class='ocrx_word' id='word_1_10' title='bbox 1444 710 1575 779; x_wconf 86' lang='lat' dir='ltr'><strong>spectat</strong></span> <span class='ocrx_word' id='word_1_11' title='bbox 1599 702 1635 764; x_wconf 90' lang='lat' dir='ltr'><strong>in</strong></span> 
     </span>
     <span class='ocr_line' id='line_1_3' title="bbox 346 796 1634 881; baseline 0.004 -17"><span class='ocrx_word' id='word_1_12' title='bbox 346 806 540 865; x_wconf 83' lang='lat' dir='ltr'><strong>sententiam</strong></span> <span class='ocrx_word' id='word_1_13' title='bbox 552 804 724 866; x_wconf 86' lang='lat' dir='ltr'><strong>relativam</strong></span> <span class='ocrx_word' id='word_1_14' title='bbox 740 796 951 881; x_wconf 87' lang='lat' dir='ltr'><strong>transfertur;</strong></span> <span class='ocrx_word' id='word_1_15' title='bbox 977 808 1012 865; x_wconf 92' lang='lat' dir='ltr'><strong>id</strong></span> <span class='ocrx_word' id='word_1_16' title='bbox 1027 809 1115 881; x_wconf 92' lang='lat' dir='ltr'><strong>quod</strong></span> <span class='ocrx_word' id='word_1_17' title='bbox 1131 809 1211 867; x_wconf 89' lang='lat' dir='ltr'><strong>mihi</strong></span> <span class='ocrx_word' id='word_1_18' title='bbox 1227 810 1399 869; x_wconf 85' lang='lat' dir='ltr'><strong>brevitatis</strong></span> <span class='ocrx_word' id='word_1_19' title='bbox 1415 827 1516 871; x_wconf 91' lang='lat' dir='ltr'><strong>causa</strong></span> <span class='ocrx_word' id='word_1_20' title='bbox 1532 813 1634 871; x_wconf 87' lang='lat' dir='ltr'><strong>liceat</strong></span> 
     </span>
     <span class='ocr_line' id='line_1_4' title="bbox 345 913 1634 996; baseline 0.005 -25"><span class='ocrx_word' id='word_1_21' title='bbox 345 913 719 989; x_wconf 79' lang='lat' dir='ltr'><strong>incorporationem</strong></span> <span class='ocrx_word' id='word_1_22' title='bbox 743 915 919 990; x_wconf 89' lang='lat' dir='ltr'><strong>appellare,</strong></span> <span class='ocrx_word' id='word_1_23' title='bbox 944 929 1010 988; x_wconf 90' lang='lat' dir='ltr'><strong>qua</strong></span> <span class='ocrx_word' id='word_1_24' title='bbox 1033 916 1252 990; x_wconf 80' lang='lat' dir='ltr'><strong>appellatione</strong></span> <span class='ocrx_word' id='word_1_25' title='bbox 1276 917 1341 977; x_wconf 88' lang='lat' dir='ltr'><strong>iam</strong></span> <span class='ocrx_word' id='word_1_26' title='bbox 1370 919 1494 978; x_wconf 90' lang='lat' dir='ltr'><strong>dudum</strong></span> <span class='ocrx_word' id='word_1_27' title='bbox 1522 936 1634 996; x_wconf 82' lang='lat' dir='ltr'><strong>gram-</strong></span> 
     </span>
     <span class='ocr_line' id='line_1_5' title="bbox 344 1020 1634 1101; baseline 0.005 -24"><span class='ocrx_word' id='word_1_28' title='bbox 344 1020 456 1078; x_wconf 92' lang='lat' dir='ltr'><strong>matici</strong></span> <span class='ocrx_word' id='word_1_29' title='bbox 480 1020 612 1096; x_wconf 80' lang='lat' dir='ltr'><strong>Anglici</strong></span> <span class='ocrx_word' id='word_1_30' title='bbox 635 1021 686 1080; x_wconf 88' lang='lat' dir='ltr'><strong>usi</strong></span> <span class='ocrx_word' id='word_1_31' title='bbox 709 1027 795 1080; x_wconf 89' lang='lat' dir='ltr'><strong>sunt.</strong></span> <span class='ocrx_word' id='word_1_32' title='bbox 841 1021 948 1081; x_wconf 89' lang='lat' dir='ltr'><strong>Minus</strong></span> <span class='ocrx_word' id='word_1_33' title='bbox 971 1028 1046 1097; x_wconf 90' lang='lat' dir='ltr'><strong>apte</strong></span> <span class='ocrx_word' id='word_1_34' title='bbox 1071 1024 1355 1099; x_wconf 83' lang='lat' dir='ltr'><strong>transpositionem</strong></span> <span class='ocrx_word' id='word_1_35' title='bbox 1384 1026 1508 1084; x_wconf 82' lang='lat' dir='ltr'><strong>dixeris</strong></span> <span class='ocrx_word' id='word_1_36' title='bbox 1540 1028 1634 1101; x_wconf 90' lang='lat' dir='ltr'><strong>quod</strong></span> 
     </span>
     <span class='ocr_line' id='line_1_6' title="bbox 345 1128 1634 1205; baseline 0.005 -20"><span class='ocrx_word' id='word_1_37' title='bbox 345 1143 463 1186; x_wconf 92' lang='lat' dir='ltr'><strong>nomen</strong></span> <span class='ocrx_word' id='word_1_38' title='bbox 498 1128 730 1187; x_wconf 84' lang='lat' dir='ltr'><strong>additamentis</strong></span> <span class='ocrx_word' id='word_1_39' title='bbox 760 1129 933 1204; x_wconf 88' lang='lat' dir='ltr'><strong>spoliatum</strong></span> <span class='ocrx_word' id='word_1_40' title='bbox 963 1129 997 1186; x_wconf 92' lang='lat' dir='ltr'><strong>in</strong></span> <span class='ocrx_word' id='word_1_41' title='bbox 1025 1145 1144 1204; x_wconf 88' lang='lat' dir='ltr'><strong>corpus</strong></span> <span class='ocrx_word' id='word_1_42' title='bbox 1178 1132 1272 1205; x_wconf 85' lang='lat' dir='ltr'><strong>quasi</strong></span> <span class='ocrx_word' id='word_1_43' title='bbox 1307 1133 1467 1191; x_wconf 88' lang='lat' dir='ltr'><strong>enuntiati</strong></span> <span class='ocrx_word' id='word_1_44' title='bbox 1496 1134 1634 1191; x_wconf 86' lang='lat' dir='ltr'><strong>relativi</strong></span> 
     </span>
     <span class='ocr_line' id='line_1_7' title="bbox 344 1234 621 1294; baseline 0.004 -2"><span class='ocrx_word' id='word_1_45' title='bbox 344 1234 538 1293; x_wconf 88' lang='lat' dir='ltr'><strong>translatum</strong></span> <span class='ocrx_word' id='word_1_46' title='bbox 562 1241 621 1294; x_wconf 89' lang='lat' dir='ltr'><strong>est.</strong></span> 
     </span>
    </p>

    <p class='ocr_par' dir='ltr' id='par_1_3' title="bbox 344 1335 1634 1637">
     <span class='ocr_line' id='line_1_8' title="bbox 345 1335 1634 1423; baseline 0.004 -23"><span class='ocrx_word' id='word_1_47' title='bbox 345 1341 432 1400; x_wconf 91' lang='lat' dir='ltr'><strong>Prot.</strong></span> <span class='ocrx_word' id='word_1_48' title='bbox 533 1335 629 1403; x_wconf 79' lang='lat'>3130</span> <span class='ocrx_word' id='word_1_49' title='bbox 652 1337 705 1402; x_wconf 84' lang='grc' dir='ltr'><strong>καί</strong></span> <span class='ocrx_word' id='word_1_50' title='bbox 729 1336 789 1421; x_wconf 87' lang='grc' dir='ltr'><strong>γὰρ</strong></span> <span class='ocrx_word' id='word_1_51' title='bbox 812 1335 901 1401; x_wconf 83' lang='grc' dir='ltr'><strong><em>οὗτοί</em></strong></span> <span class='ocrx_word' id='word_1_52' title='bbox 920 1362 983 1401; x_wconf 94' lang='grc' dir='ltr'><strong><em>που</em></strong></span> <span class='ocrx_word' id='word_1_53' title='bbox 1008 1335 1056 1402; x_wconf 86' lang='grc' dir='ltr'><strong>ὧν</strong></span> <span class='ocrx_word' id='word_1_54' title='bbox 1078 1339 1207 1420; x_wconf 82' lang='grc' dir='ltr'><strong><em>ἄγουσιν</em></strong></span> <span class='ocrx_word' id='word_1_55' title='bbox 1236 1340 1410 1423; x_wconf 83' lang='grc' dir='ltr'><strong>ἀγωγίμων</strong></span> <span class='ocrx_word' id='word_1_56' title='bbox 1438 1343 1509 1404; x_wconf 83' lang='grc' dir='ltr'><strong><em>οὔτε</em></strong></span> <span class='ocrx_word' id='word_1_57' title='bbox 1538 1342 1634 1405; x_wconf 73' lang='grc' dir='ltr'><strong><em>αὐτοὶ</em></strong></span> 
     </span>
     <span class='ocr_line' id='line_1_9' title="bbox 648 1444 1085 1528; baseline 0 -20"><span class='ocrx_word' id='word_1_58' title='bbox 648 1446 747 1508; x_wconf 86' lang='grc' dir='ltr'><strong><em>ἴσασιν</em></strong></span> <span class='ocrx_word' id='word_1_59' title='bbox 770 1445 791 1508; x_wconf 87' lang='grc' dir='ltr'><strong><em>δ</em></strong></span> <span class='ocrx_word' id='word_1_60' title='bbox 811 1469 838 1508; x_wconf 89' lang='grc' dir='ltr'><strong><em>τι</em></strong></span> <span class='ocrx_word' id='word_1_61' title='bbox 860 1444 997 1528; x_wconf 85' lang='grc' dir='ltr'><strong><em>χρηστὸν</em></strong></span> <span class='ocrx_word' id='word_1_62' title='bbox 1022 1446 1085 1509; x_wconf 91' lang='grc' dir='ltr'><strong><em>κτλ.</em></strong></span> 
     </span>
     <span class='ocr_line' id='line_1_10' title="bbox 344 1549 1628 1637; baseline 0.002 -23"><span class='ocrx_word' id='word_1_63' title='bbox 344 1555 482 1615; x_wconf 82' lang='lat' dir='ltr'><strong>Phaedr.</strong></span> <span class='ocrx_word' id='word_1_64' title='bbox 521 1550 622 1615; x_wconf 78' lang='lat' dir='ltr'><strong>249A</strong></span> <span class='ocrx_word' id='word_1_65' title='bbox 646 1550 804 1633; x_wconf 78' lang='grc' dir='ltr'><em>διάγουσιν</em></span> <span class='ocrx_word' id='word_1_66' title='bbox 827 1552 925 1625; x_wconf 85' lang='grc' dir='ltr'>ἀξίως</span> <span class='ocrx_word' id='word_1_67' title='bbox 947 1549 987 1615; x_wconf 83' lang='grc' dir='ltr'><strong>οὗ</strong></span> <span class='ocrx_word' id='word_1_68' title='bbox 1010 1553 1044 1615; x_wconf 85' lang='grc' dir='ltr'><strong>ἒν</strong></span> <span class='ocrx_word' id='word_1_69' title='bbox 1072 1552 1250 1634; x_wconf 74' lang='grc' dir='ltr'><strong><em>ἀνθρώπου</em></strong></span> <span class='ocrx_word' id='word_1_70' title='bbox 1279 1554 1352 1617; x_wconf 89' lang='grc' dir='ltr'><strong><em>εἴδει</em></strong></span> <span class='ocrx_word' id='word_1_71' title='bbox 1381 1553 1518 1637; x_wconf 79' lang='grc' dir='ltr'><strong><em>ἐβίωσαν</em></strong></span> <span class='ocrx_word' id='word_1_72' title='bbox 1540 1555 1628 1637; x_wconf 87' lang='grc' dir='ltr'><strong><em>βίου.</em></strong></span> 
     </span>
    </p>
   </div>
   <div class='ocr_carea' id='block_1_3' title="bbox 407 1657 1631 1850">
    <p class='ocr_par' dir='ltr' id='par_1_4' title="bbox 407 1657 1631 1850">
     <span class='ocr_line' id='line_1_11' title="bbox 407 1657 1244 1744; baseline -0.001 -22"><span class='ocrx_word' id='word_1_73' title='bbox 407 1708 422 1744; x_wconf 80' lang='lat'>„</span> <span class='ocrx_word' id='word_1_74' title='bbox 521 1658 622 1723; x_wconf 80' lang='lat' dir='ltr'><strong>250A</strong></span> <span class='ocrx_word' id='word_1_75' title='bbox 645 1659 749 1743; x_wconf 69' lang='grc' dir='ltr'><strong><em>λήθην</em></strong></span> <span class='ocrx_word' id='word_1_76' title='bbox 771 1657 820 1723; x_wconf 85' lang='grc' dir='ltr'><strong>ῶν</strong></span> <span class='ocrx_word' id='word_1_77' title='bbox 841 1660 909 1722; x_wconf 89' lang='grc' dir='ltr'><strong><em>τότε</em></strong></span> <span class='ocrx_word' id='word_1_78' title='bbox 931 1658 1016 1722; x_wconf 84' lang='grc' dir='ltr'><strong><em>είδον</em></strong></span> <span class='ocrx_word' id='word_1_79' title='bbox 1038 1660 1134 1740; x_wconf 74' lang='grc' dir='ltr'><strong><em>ἱερῶν</em></strong></span> <span class='ocrx_word' id='word_1_80' title='bbox 1157 1660 1244 1742; x_wconf 84' lang='grc' dir='ltr'><strong><em>ἔχειν.</em></strong></span> 
     </span>
     <span class='ocr_line' id='line_1_12' title="bbox 407 1762 1631 1850; baseline 0.002 -21"><span class='ocrx_word' id='word_1_81' title='bbox 407 1813 422 1843; x_wconf 86' lang='grc'><strong>,,</strong></span> <span class='ocrx_word' id='word_1_82' title='bbox 520 1764 619 1829; x_wconf 67' lang='lat' dir='ltr'><strong>illu</strong></span> <span class='ocrx_word' id='word_1_83' title='bbox 642 1768 666 1849; x_wconf 80' lang='grc' dir='ltr'><em>ἢ</em></span> <span class='ocrx_word' id='word_1_84' title='bbox 677 1765 761 1849; x_wconf 79' lang='grc' dir='ltr'><strong><em>μηδὲ</em></strong></span> <span class='ocrx_word' id='word_1_85' title='bbox 783 1765 896 1830; x_wconf 75' lang='grc' dir='ltr'><strong><em>εἰδέναι</em></strong></span> <span class='ocrx_word' id='word_1_86' title='bbox 918 1789 971 1829; x_wconf 90' lang='grc' dir='ltr'><strong><em>πω</em></strong></span> <span class='ocrx_word' id='word_1_87' title='bbox 998 1766 1094 1829; x_wconf 87' lang='grc' dir='ltr'><strong><em>πλέον</em></strong></span> <span class='ocrx_word' id='word_1_88' title='bbox 1116 1766 1223 1829; x_wconf 84' lang='grc' dir='ltr'><strong><em>αὐτῶν</em></strong></span> <span class='ocrx_word' id='word_1_89' title='bbox 1245 1762 1293 1829; x_wconf 86' lang='grc' dir='ltr'><strong>ῶν</strong></span> <span class='ocrx_word' id='word_1_90' title='bbox 1315 1765 1383 1829; x_wconf 86' lang='grc' dir='ltr'><strong><em>τότε</em></strong></span> <span class='ocrx_word' id='word_1_91' title='bbox 1406 1768 1504 1850; x_wconf 84' lang='grc' dir='ltr'><strong><em>ἤκουε</em></strong></span> <span class='ocrx_word' id='word_1_92' title='bbox 1518 1766 1631 1849; x_wconf 85' lang='grc' dir='ltr'><strong><em>λόγων</em></strong></span> 
     </span>
    </p>
   </div>
   <div class='ocr_carea' id='block_1_4' title="bbox 344 1874 1625 2490">
    <p class='ocr_par' dir='ltr' id='par_1_5' title="bbox 344 1874 1625 2490">
     <span class='ocr_line' id='line_1_13' title="bbox 644 1874 757 1946; baseline -0.097 0"><span class='ocrx_word' id='word_1_93' title='bbox 644 1874 757 1946; x_wconf 68' lang='grc' dir='ltr'><strong><em>ξυνών,</em></strong></span> 
     </span>
     <span class='ocr_line' id='line_1_14' title="bbox 344 1977 1232 2063; baseline -0.005 -19"><span class='ocrx_word' id='word_1_94' title='bbox 344 1985 411 2044; x_wconf 91' lang='lat' dir='ltr'><strong>Pol.</strong></span> <span class='ocrx_word' id='word_1_95' title='bbox 469 1985 507 2044; x_wconf 88' lang='lat' dir='ltr'><strong>V.</strong></span> <span class='ocrx_word' id='word_1_96' title='bbox 531 1977 632 2043; x_wconf 78' lang='lat'>4561)</span> <span class='ocrx_word' id='word_1_97' title='bbox 655 1979 804 2063; x_wconf 85' lang='grc' dir='ltr'><strong><em>τυχόντας</em></strong></span> <span class='ocrx_word' id='word_1_98' title='bbox 827 1978 865 2063; x_wconf 82' lang='grc' dir='ltr'><strong>ἧς</strong></span> <span class='ocrx_word' id='word_1_99' title='bbox 889 1979 1060 2062; x_wconf 76' lang='grc' dir='ltr'><strong><em>διήλθομεν</em></strong></span> <span class='ocrx_word' id='word_1_100' title='bbox 1082 1978 1232 2051; x_wconf 88' lang='grc' dir='ltr'><strong><em>παιδείας,</em></strong></span> 
     </span>
     <span class='ocr_line' id='line_1_15' title="bbox 369 2084 1526 2174; baseline -0.001 -23"><span class='ocrx_word' id='word_1_101' title='bbox 369 2135 385 2174; x_wconf 82' lang='lat'>„</span> <span class='ocrx_word' id='word_1_102' title='bbox 437 2091 509 2152; x_wconf 89' lang='lat' dir='ltr'><strong>VH.</strong></span> <span class='ocrx_word' id='word_1_103' title='bbox 533 2084 631 2149; x_wconf 73' lang='lat'><strong>5253</strong></span> <span class='ocrx_word' id='word_1_104' title='bbox 658 2084 706 2150; x_wconf 86' lang='grc' dir='ltr'><strong>ὧν</strong></span> <span class='ocrx_word' id='word_1_105' title='bbox 729 2089 883 2170; x_wconf 82' lang='grc' dir='ltr'><strong><em>ζητοῦμεν</em></strong></span> <span class='ocrx_word' id='word_1_106' title='bbox 906 2087 978 2168; x_wconf 86' lang='grc' dir='ltr'><strong><em>ἄρα,</em></strong></span> <span class='ocrx_word' id='word_1_107' title='bbox 1002 2085 1048 2155; x_wconf 85' lang='grc' dir='ltr'><strong>ὡς</strong></span> <span class='ocrx_word' id='word_1_108' title='bbox 1071 2087 1162 2157; x_wconf 84' lang='grc' dir='ltr'><strong><em>ἔοικε,</em></strong></span> <span class='ocrx_word' id='word_1_109' title='bbox 1184 2086 1389 2169; x_wconf 69' lang='grc' dir='ltr'><strong><em>μαθημάτων</em></strong></span> <span class='ocrx_word' id='word_1_110' title='bbox 1411 2088 1451 2150; x_wconf 83' lang='grc' dir='ltr'><strong>ἂν</strong></span> <span class='ocrx_word' id='word_1_111' title='bbox 1473 2089 1526 2169; x_wconf 86' lang='grc' dir='ltr'><strong><em>εἴη.</em></strong></span> 
     </span>
     <span class='ocr_line' id='line_1_16' title="bbox 369 2190 1340 2276; baseline 0 -21"><span class='ocrx_word' id='word_1_112' title='bbox 369 2242 384 2272; x_wconf 85' lang='lat'>„</span> <span class='ocrx_word' id='word_1_113' title='bbox 449 2198 508 2258; x_wconf 91' lang='lat' dir='ltr'><strong>IX.</strong></span> <span class='ocrx_word' id='word_1_114' title='bbox 531 2191 629 2258; x_wconf 76' lang='lat'>5720</span> <span class='ocrx_word' id='word_1_115' title='bbox 651 2200 775 2276; x_wconf 81' lang='grc' dir='ltr'><strong><em>μεστοῖς</em></strong></span> <span class='ocrx_word' id='word_1_116' title='bbox 797 2190 846 2257; x_wconf 85' lang='grc' dir='ltr'><strong>ῶν</strong></span> <span class='ocrx_word' id='word_1_117' title='bbox 868 2194 937 2275; x_wconf 83' lang='grc' dir='ltr'><strong><em>ἄρτι</em></strong></span> <span class='ocrx_word' id='word_1_118' title='bbox 960 2192 1132 2274; x_wconf 82' lang='grc' dir='ltr'><strong><em>διήλδομεν</em></strong></span> <span class='ocrx_word' id='word_1_119' title='bbox 1154 2192 1340 2274; x_wconf 70' lang='grc' dir='ltr'><strong><em>ἐπιθυμιῶν,</em></strong></span> 
     </span>
     <span class='ocr_line' id='line_1_17' title="bbox 369 2295 1557 2387; baseline 0.002 -25"><span class='ocrx_word' id='word_1_120' title='bbox 369 2348 384 2378; x_wconf 84' lang='grc'><strong>,,</strong></span> <span class='ocrx_word' id='word_1_121' title='bbox 449 2304 508 2364; x_wconf 90' lang='grc' dir='ltr'><strong>ΙΧ.</strong></span> <span class='ocrx_word' id='word_1_122' title='bbox 531 2298 633 2364; x_wconf 77' lang='lat' dir='ltr'>582A</span> <span class='ocrx_word' id='word_1_123' title='bbox 654 2300 875 2383; x_wconf 78' lang='grc' dir='ltr'><strong><em>ἐμπειρότατος</em></strong></span> <span class='ocrx_word' id='word_1_124' title='bbox 896 2304 1011 2362; x_wconf 80' lang='grc' dir='ltr'><strong><em>πασῶν</em></strong></span> <span class='ocrx_word' id='word_1_125' title='bbox 1033 2295 1081 2362; x_wconf 87' lang='grc' dir='ltr'><strong>ῶν</strong></span> <span class='ocrx_word' id='word_1_126' title='bbox 1103 2300 1231 2380; x_wconf 81' lang='grc' dir='ltr'><strong><em>εἴπομεν</em></strong></span> <span class='ocrx_word' id='word_1_127' title='bbox 1253 2298 1381 2381; x_wconf 79' lang='grc' dir='ltr'><strong><em>ἡδονῶν</em></strong></span> <span class='ocrx_word' id='word_1_128' title='bbox 1386 2324 1399 2376; x_wconf 89' lang='grc'><strong>,·</strong></span> <span class='ocrx_word' id='word_1_129' title='bbox 1551 2377 1557 2387; x_wconf 76' lang='lat'><em>‚</em></span> 
     </span>
     <span class='ocr_line' id='line_1_18' title="bbox 344 2402 1625 2490; baseline 0.002 -19"><span class='ocrx_word' id='word_1_130' title='bbox 344 2412 442 2488; x_wconf 90' lang='lat' dir='ltr'><strong>Hipp.</strong></span> <span class='ocrx_word' id='word_1_131' title='bbox 466 2413 492 2470; x_wconf 94' lang='grc' dir='ltr'><strong>Ι.</strong></span> <span class='ocrx_word' id='word_1_132' title='bbox 532 2406 632 2471; x_wconf 77' lang='grc' dir='ltr'><strong>29λῦ</strong></span> <span class='ocrx_word' id='word_1_133' title='bbox 655 2407 726 2490; x_wconf 79' lang='grc' dir='ltr'><strong><em>ίμοὶ</em></strong></span> <span class='ocrx_word' id='word_1_134' title='bbox 749 2406 785 2470; x_wconf 83' lang='grc' dir='ltr'><strong>δέ</strong></span> <span class='ocrx_word' id='word_1_135' title='bbox 807 2430 841 2488; x_wconf 89' lang='grc' dir='ltr'><strong>γε</strong></span> <span class='ocrx_word' id='word_1_136' title='bbox 862 2407 991 2469; x_wconf 88' lang='grc' dir='ltr'><strong><em>πάντων</em></strong></span> <span class='ocrx_word' id='word_1_137' title='bbox 1005 2404 1103 2488; x_wconf 82' lang='grc' dir='ltr'><strong><em>ἥκιστ’</em></strong></span> <span class='ocrx_word' id='word_1_138' title='bbox 1120 2406 1244 2488; x_wconf 86' lang='grc' dir='ltr'><strong><em>ἀρέσκει</em></strong></span> <span class='ocrx_word' id='word_1_139' title='bbox 1259 2402 1308 2468; x_wconf 82' lang='grc' dir='ltr'><strong>ῶν</strong></span> <span class='ocrx_word' id='word_1_140' title='bbox 1322 2407 1493 2489; x_wconf 79' lang='grc' dir='ltr'><strong><em>εἰρήκαμεν</em></strong></span> <span class='ocrx_word' id='word_1_141' title='bbox 1507 2407 1625 2490; x_wconf 86' lang='grc' dir='ltr'><strong><em>λόγων.</em></strong></span> 
     </span>
    </p>
   </div>
   <div class='ocr_carea' id='block_1_5' title="bbox 344 2592 1627 3111">
    <p class='ocr_par' dir='ltr' id='par_1_6' title="bbox 344 2592 1627 2774">
     <span class='ocr_line' id='line_1_19' title="bbox 344 2592 1627 2685; baseline 0.001 -19"><span class='ocrx_word' id='word_1_142' title='bbox 344 2592 443 2683; x_wconf 70' lang='lat' dir='ltr'><strong>Hippi</strong></span> <span class='ocrx_word' id='word_1_143' title='bbox 467 2606 493 2664; x_wconf 95' lang='grc' dir='ltr'><strong>Ι.</strong></span> <span class='ocrx_word' id='word_1_144' title='bbox 533 2600 632 2665; x_wconf 80' lang='grc' dir='ltr'>286Ε</span> <span class='ocrx_word' id='word_1_145' title='bbox 655 2601 708 2665; x_wconf 80' lang='grc' dir='ltr'><strong>καί</strong></span> <span class='ocrx_word' id='word_1_146' title='bbox 731 2600 865 2685; x_wconf 89' lang='grc' dir='ltr'><strong><em>σμικρόν</em></strong></span> <span class='ocrx_word' id='word_1_147' title='bbox 887 2602 916 2664; x_wconf 88' lang='grc' dir='ltr'><strong><em>τί</em></strong></span> <span class='ocrx_word' id='word_1_148' title='bbox 935 2623 999 2663; x_wconf 92' lang='grc' dir='ltr'><strong><em>που</em></strong></span> <span class='ocrx_word' id='word_1_149' title='bbox 1021 2603 1103 2663; x_wconf 79' lang='grc' dir='ltr'><strong><em>τοῦτ’</em></strong></span> <span class='ocrx_word' id='word_1_150' title='bbox 1127 2601 1235 2683; x_wconf 84' lang='grc' dir='ltr'><strong>ἂνεῖη</strong></span> <span class='ocrx_word' id='word_1_151' title='bbox 1258 2601 1398 2684; x_wconf 71' lang='grc' dir='ltr'><strong><em>μάθημα</em></strong></span> <span class='ocrx_word' id='word_1_152' title='bbox 1421 2599 1470 2666; x_wconf 86' lang='grc' dir='ltr'><strong>ῶν</strong></span> <span class='ocrx_word' id='word_1_153' title='bbox 1492 2602 1530 2665; x_wconf 81' lang='grc' dir='ltr'><strong>σὺ</strong></span> <span class='ocrx_word' id='word_1_154' title='bbox 1558 2609 1627 2667; x_wconf 82' lang='grc' dir='ltr'><strong><em>τῶν</em></strong></span> 
     </span>
     <span class='ocr_line' id='line_1_20' title="bbox 654 2707 967 2774; baseline -0.003 -2"><span class='ocrx_word' id='word_1_155' title='bbox 654 2709 781 2774; x_wconf 77' lang='grc' dir='ltr'><strong><em>πολλῶν</em></strong></span> <span class='ocrx_word' id='word_1_156' title='bbox 804 2707 967 2773; x_wconf 76' lang='grc' dir='ltr'><strong><em>ἐπίσταται.</em></strong></span> 
     </span>
    </p>

    <p class='ocr_par' dir='ltr' id='par_1_7' title="bbox 451 2820 1627 2898">
     <span class='ocr_line' id='line_1_21' title="bbox 451 2820 1627 2898; baseline 0.002 -17"><span class='ocrx_word' id='word_1_157' title='bbox 451 2822 598 2882; x_wconf 80' lang='lat' dir='ltr'><strong>Tertium</strong></span> <span class='ocrx_word' id='word_1_158' title='bbox 632 2828 690 2893; x_wconf 89' lang='lat' dir='ltr'><strong>est,</strong></span> <span class='ocrx_word' id='word_1_159' title='bbox 726 2838 801 2882; x_wconf 89' lang='lat' dir='ltr'><strong>cum</strong></span> <span class='ocrx_word' id='word_1_160' title='bbox 825 2821 977 2880; x_wconf 87' lang='lat' dir='ltr'><strong>attractio</strong></span> <span class='ocrx_word' id='word_1_161' title='bbox 1005 2820 1216 2896; x_wconf 83' lang='lat' dir='ltr'><strong>coniungitur</strong></span> <span class='ocrx_word' id='word_1_162' title='bbox 1244 2836 1318 2880; x_wconf 91' lang='lat' dir='ltr'><strong>cum</strong></span> <span class='ocrx_word' id='word_1_163' title='bbox 1347 2837 1387 2879; x_wconf 91' lang='lat' dir='ltr'><strong>ea</strong></span> <span class='ocrx_word' id='word_1_164' title='bbox 1409 2822 1518 2898; x_wconf 79' lang='lat' dir='ltr'><strong>figura</strong></span> <span class='ocrx_word' id='word_1_165' title='bbox 1539 2840 1627 2898; x_wconf 88' lang='lat' dir='ltr'><strong>quae</strong></span> 
     </span>
    </p>

    <p class='ocr_par' dir='ltr' id='par_1_8' title="bbox 345 2923 1627 3007">
     <span class='ocr_line' id='line_1_22' title="bbox 345 2923 1627 3007; baseline -0.002 -16"><span class='ocrx_word' id='word_1_166' title='bbox 345 2928 470 2991; x_wconf 82' lang='lat' dir='ltr'><strong>Graece</strong></span> <span class='ocrx_word' id='word_1_167' title='bbox 494 2930 615 2988; x_wconf 90' lang='lat' dir='ltr'><strong>dicitur</strong></span> <span class='ocrx_word' id='word_1_168' title='bbox 635 2923 802 3007; x_wconf 78' lang='grc' dir='ltr'><strong><em>πρόληψις,</em></strong></span> <span class='ocrx_word' id='word_1_169' title='bbox 825 2944 885 3003; x_wconf 90' lang='lat' dir='ltr'><strong>per</strong></span> <span class='ocrx_word' id='word_1_170' title='bbox 907 2944 1006 3001; x_wconf 86' lang='lat' dir='ltr'><strong>quam</strong></span> <span class='ocrx_word' id='word_1_171' title='bbox 1028 2942 1147 2985; x_wconf 91' lang='lat' dir='ltr'><strong>nomen</strong></span> <span class='ocrx_word' id='word_1_172' title='bbox 1170 2928 1224 2986; x_wconf 85' lang='lat' dir='ltr'><strong>vel</strong></span> <span class='ocrx_word' id='word_1_173' title='bbox 1247 2929 1335 3002; x_wconf 92' lang='lat' dir='ltr'><strong>quod</strong></span> <span class='ocrx_word' id='word_1_174' title='bbox 1351 2944 1410 3003; x_wconf 89' lang='lat' dir='ltr'><strong>pro</strong></span> <span class='ocrx_word' id='word_1_175' title='bbox 1428 2931 1557 2989; x_wconf 91' lang='lat' dir='ltr'><strong>nomine</strong></span> <span class='ocrx_word' id='word_1_176' title='bbox 1575 2938 1627 2988; x_wconf 91' lang='lat' dir='ltr'><strong>est</strong></span> 
     </span>
    </p>

    <p class='ocr_par' dir='ltr' id='par_1_9' title="bbox 345 3034 1625 3111">
     <span class='ocr_line' id='line_1_23' title="bbox 345 3034 1625 3111; baseline 0 -15"><span class='ocrx_word' id='word_1_177' title='bbox 345 3054 388 3096; x_wconf 85' lang='lat' dir='ltr'><strong>ex</strong></span> <span class='ocrx_word' id='word_1_178' title='bbox 428 3036 622 3095; x_wconf 89' lang='lat' dir='ltr'><strong>secundaria</strong></span> <span class='ocrx_word' id='word_1_179' title='bbox 660 3035 822 3093; x_wconf 90' lang='lat' dir='ltr'><strong>sententia</strong></span> <span class='ocrx_word' id='word_1_180' title='bbox 865 3035 1030 3094; x_wconf 89' lang='lat' dir='ltr'><strong>sublatum</strong></span> <span class='ocrx_word' id='word_1_181' title='bbox 1067 3034 1102 3092; x_wconf 91' lang='lat' dir='ltr'><strong>in</strong></span> <span class='ocrx_word' id='word_1_182' title='bbox 1141 3035 1398 3094; x_wconf 87' lang='lat' dir='ltr'><strong>enuntiationem</strong></span> <span class='ocrx_word' id='word_1_183' title='bbox 1435 3037 1625 3111; x_wconf 89' lang='lat' dir='ltr'><strong>primariam</strong></span> 
     </span>
    </p>
   </div>
   <div class='ocr_carea' id='block_1_6' title="bbox 344 3144 1622 4831">
    <p class='ocr_par' dir='ltr' id='par_1_10' title="bbox 344 3144 550 3204">
     <span class='ocr_line' id='line_1_24' title="bbox 344 3144 550 3204; baseline -0.01 0"><span class='ocrx_word' id='word_1_184' title='bbox 344 3144 550 3204; x_wconf 84' lang='lat' dir='ltr'><strong>transfertur.</strong></span> 
     </span>
    </p>

    <p class='ocr_par' dir='ltr' id='par_1_11' title="bbox 344 3239 1489 3436">
     <span class='ocr_line' id='line_1_25' title="bbox 344 3239 1489 3328; baseline -0.003 -16"><span class='ocrx_word' id='word_1_185' title='bbox 344 3253 438 3328; x_wconf 89' lang='lat' dir='ltr'><strong>Apol.</strong></span> <span class='ocrx_word' id='word_1_186' title='bbox 573 3244 649 3310; x_wconf 78' lang='lat'><strong>2913</strong></span> <span class='ocrx_word' id='word_1_187' title='bbox 671 3244 736 3328; x_wconf 86' lang='grc' dir='ltr'><strong><em>πρὸ</em></strong></span> <span class='ocrx_word' id='word_1_188' title='bbox 759 3241 816 3309; x_wconf 81' lang='grc' dir='ltr'><strong>οὖν</strong></span> <span class='ocrx_word' id='word_1_189' title='bbox 838 3248 903 3308; x_wconf 89' lang='grc' dir='ltr'><strong><em>τῶν</em></strong></span> <span class='ocrx_word' id='word_1_190' title='bbox 925 3248 1037 3308; x_wconf 85' lang='grc' dir='ltr'><strong><em>κακῶν</em></strong></span> <span class='ocrx_word' id='word_1_191' title='bbox 1060 3239 1109 3307; x_wconf 85' lang='grc' dir='ltr'><strong>ὧν</strong></span> <span class='ocrx_word' id='word_1_192' title='bbox 1131 3241 1212 3319; x_wconf 81' lang='grc' dir='ltr'><strong>οἶδαΙ</strong></span> <span class='ocrx_word' id='word_1_193' title='bbox 1226 3242 1272 3307; x_wconf 86' lang='grc' dir='ltr'><strong><em>ὅτι</em></strong></span> <span class='ocrx_word' id='word_1_194' title='bbox 1294 3245 1379 3307; x_wconf 85' lang='grc' dir='ltr'><strong><em>κακά</em></strong></span> <span class='ocrx_word' id='word_1_195' title='bbox 1403 3244 1489 3308; x_wconf 78' lang='grc' dir='ltr'><strong><em>ἐστιν.</em></strong></span> 
     </span>
     <span class='ocr_line' id='line_1_26' title="bbox 680 3351 1325 3436; baseline -0.009 -19"><span class='ocrx_word' id='word_1_196' title='bbox 680 3353 736 3433; x_wconf 87' lang='lat' dir='ltr'><strong>(of.</strong></span> <span class='ocrx_word' id='word_1_197' title='bbox 761 3351 836 3416; x_wconf 75' lang='lat' dir='ltr'><strong>37ss</strong></span> <span class='ocrx_word' id='word_1_198' title='bbox 860 3353 972 3432; x_wconf 85' lang='lat' dir='ltr'><strong>infra.)</strong></span> <span class='ocrx_word' id='word_1_199' title='bbox 1323 3430 1325 3436; x_wconf 17' lang='grc' dir='ltr'><strong><em>Α</em></strong></span> 
     </span>
    </p>

    <p class='ocr_par' dir='ltr' id='par_1_12' title="bbox 344 3441 1622 3650">
     <span class='ocr_line' id='line_1_27' title="bbox 344 3441 1622 3543; baseline -0.002 -18"><span class='ocrx_word' id='word_1_200' title='bbox 344 3465 446 3543; x_wconf 81' lang='lat' dir='ltr'><strong>Legg.</strong></span> <span class='ocrx_word' id='word_1_201' title='bbox 463 3465 534 3527; x_wconf 90' lang='lat' dir='ltr'><strong>VH.</strong></span> <span class='ocrx_word' id='word_1_202' title='bbox 551 3459 648 3524; x_wconf 82' lang='grc' dir='ltr'><strong>82οΒ</strong></span> <span class='ocrx_word' id='word_1_203' title='bbox 671 3462 706 3523; x_wconf 82' lang='grc' dir='ltr'><strong>ἓν</strong></span> <span class='ocrx_word' id='word_1_204' title='bbox 728 3461 857 3524; x_wconf 74' lang='grc' dir='ltr'><strong><em>ἐκείνων</em></strong></span> <span class='ocrx_word' id='word_1_205' title='bbox 879 3464 960 3523; x_wconf 84' lang='grc' dir='ltr'><strong><em>τοῦτ’</em></strong></span> <span class='ocrx_word' id='word_1_206' title='bbox 985 3457 1065 3521; x_wconf 82' lang='grc' dir='ltr'><strong><em>ἐστίν</em></strong></span> <span class='ocrx_word' id='word_1_207' title='bbox 1087 3453 1135 3521; x_wconf 87' lang='grc' dir='ltr'><strong>ῶν</strong></span> <span class='ocrx_word' id='word_1_208' title='bbox 1158 3441 1286 3542; x_wconf 71' lang='grc' dir='ltr'><strong><em>ἔφαμεν</em></strong></span> <span class='ocrx_word' id='word_1_209' title='bbox 1302 3456 1433 3540; x_wconf 85' lang='grc' dir='ltr'><strong><em>αἰσχρὸν</em></strong></span> <span class='ocrx_word' id='word_1_210' title='bbox 1459 3458 1519 3541; x_wconf 72' lang='grc' dir='ltr'><strong>μὲν</strong></span> <span class='ocrx_word' id='word_1_211' title='bbox 1535 3482 1622 3542; x_wconf 88' lang='grc' dir='ltr'><strong><em>γεγο-</em></strong></span> 
     </span>
     <span class='ocr_line' id='line_1_28' title="bbox 675 3566 1235 3650; baseline 0 -20"><span class='ocrx_word' id='word_1_212' title='bbox 675 3568 758 3630; x_wconf 78' lang='grc' dir='ltr'><strong><em>νέναι</em></strong></span> <span class='ocrx_word' id='word_1_213' title='bbox 780 3566 815 3630; x_wconf 91' lang='grc' dir='ltr'><strong><em>τδ</em></strong></span> <span class='ocrx_word' id='word_1_214' title='bbox 837 3566 883 3650; x_wconf 82' lang='grc' dir='ltr'><strong>μὴ</strong></span> <span class='ocrx_word' id='word_1_215' title='bbox 908 3566 1090 3631; x_wconf 73' lang='grc' dir='ltr'><strong><em>ἐπίστασθαι</em></strong></span> <span class='ocrx_word' id='word_1_216' title='bbox 1233 3633 1235 3638; x_wconf 65' lang='grc'><strong><em>,</em></strong></span> 
     </span>
    </p>

    <p class='ocr_par' dir='ltr' id='par_1_13' title="bbox 345 3678 1622 3970">
     <span class='ocr_line' id='line_1_29' title="bbox 451 3678 1621 3754; baseline -0.003 -15"><span class='ocrx_word' id='word_1_217' title='bbox 451 3679 511 3739; x_wconf 89' lang='lat' dir='ltr'><strong>His</strong></span> <span class='ocrx_word' id='word_1_218' title='bbox 545 3680 734 3739; x_wconf 89' lang='lat' dir='ltr'><strong>addendum</strong></span> <span class='ocrx_word' id='word_1_219' title='bbox 757 3685 815 3746; x_wconf 88' lang='lat' dir='ltr'><strong>est,</strong></span> <span class='ocrx_word' id='word_1_220' title='bbox 851 3680 939 3752; x_wconf 90' lang='lat' dir='ltr'><strong>quod</strong></span> <span class='ocrx_word' id='word_1_221' title='bbox 974 3680 1061 3738; x_wconf 85' lang='lat' dir='ltr'><strong>infra</strong></span> <span class='ocrx_word' id='word_1_222' title='bbox 1095 3685 1255 3738; x_wconf 88' lang='lat' dir='ltr'><strong>tractatur</strong></span> <span class='ocrx_word' id='word_1_223' title='bbox 1284 3679 1470 3753; x_wconf 85' lang='lat' dir='ltr'><strong>exemplum</strong></span> <span class='ocrx_word' id='word_1_224' title='bbox 1498 3678 1621 3754; x_wconf 82' lang='lat' dir='ltr'><strong>figurae</strong></span> 
     </span>
     <span class='ocr_line' id='line_1_30' title="bbox 345 3787 1622 3866; baseline -0.004 -18"><span class='ocrx_word' id='word_1_225' title='bbox 345 3789 592 3866; x_wconf 83' lang='lat' dir='ltr'><strong>etymologioae,</strong></span> <span class='ocrx_word' id='word_1_226' title='bbox 628 3804 726 3862; x_wconf 90' lang='lat' dir='ltr'><strong>quam</strong></span> <span class='ocrx_word' id='word_1_227' title='bbox 750 3787 899 3856; x_wconf 77' lang='lat' dir='ltr'><strong>dicimus,</strong></span> <span class='ocrx_word' id='word_1_228' title='bbox 935 3788 992 3847; x_wconf 88' lang='lat' dir='ltr'><strong>ubi</strong></span> <span class='ocrx_word' id='word_1_229' title='bbox 1016 3788 1180 3847; x_wconf 87' lang='lat' dir='ltr'><strong>obiectum</strong></span> <span class='ocrx_word' id='word_1_230' title='bbox 1204 3804 1221 3846; x_wconf 90' lang='lat' dir='ltr'><strong>e</strong></span> <span class='ocrx_word' id='word_1_231' title='bbox 1245 3804 1384 3864; x_wconf 81' lang='lat' dir='ltr'><strong>graecae</strong></span> <span class='ocrx_word' id='word_1_232' title='bbox 1408 3787 1540 3862; x_wconf 84' lang='lat' dir='ltr'><strong>linguae</strong></span> <span class='ocrx_word' id='word_1_233' title='bbox 1561 3800 1622 3843; x_wconf 90' lang='lat' dir='ltr'><strong>usu</strong></span> 
     </span>
     <span class='ocr_line' id='line_1_31' title="bbox 345 3894 1418 3970; baseline -0.004 -15"><span class='ocrx_word' id='word_1_234' title='bbox 345 3897 388 3955; x_wconf 89' lang='lat' dir='ltr'><strong>ad</strong></span> <span class='ocrx_word' id='word_1_235' title='bbox 411 3897 549 3955; x_wconf 85' lang='lat' dir='ltr'><strong>verbum</strong></span> <span class='ocrx_word' id='word_1_236' title='bbox 573 3895 719 3954; x_wconf 89' lang='lat' dir='ltr'><strong>eiusdem</strong></span> <span class='ocrx_word' id='word_1_237' title='bbox 742 3894 864 3952; x_wconf 87' lang='lat' dir='ltr'><strong>radicis</strong></span> <span class='ocrx_word' id='word_1_238' title='bbox 887 3895 941 3952; x_wconf 90' lang='lat' dir='ltr'><strong>vel</strong></span> <span class='ocrx_word' id='word_1_239' title='bbox 965 3894 1212 3970; x_wconf 82' lang='lat' dir='ltr'><strong>significationis</strong></span> <span class='ocrx_word' id='word_1_240' title='bbox 1233 3894 1418 3969; x_wconf 89' lang='lat' dir='ltr'><strong>adponitur.</strong></span> 
     </span>
    </p>

    <p class='ocr_par' dir='ltr' id='par_1_14' title="bbox 345 3993 1619 4080">
     <span class='ocr_line' id='line_1_32' title="bbox 345 3993 1619 4080; baseline -0.006 -17"><span class='ocrx_word' id='word_1_241' title='bbox 345 4003 473 4064; x_wconf 85' lang='lat' dir='ltr'><strong>Charm.</strong></span> <span class='ocrx_word' id='word_1_242' title='bbox 499 3997 595 4061; x_wconf 74' lang='lat'>1553</span> <span class='ocrx_word' id='word_1_243' title='bbox 617 3996 688 4079; x_wconf 76' lang='lat' dir='ltr'><strong>napi</strong></span> <span class='ocrx_word' id='word_1_244' title='bbox 704 4003 759 4080; x_wconf 86' lang='grc' dir='ltr'><strong><em>τῆς</em></strong></span> <span class='ocrx_word' id='word_1_245' title='bbox 774 3996 938 4066; x_wconf 75' lang='grc' dir='ltr'><strong><em>ἀσθενείας</em></strong></span> <span class='ocrx_word' id='word_1_246' title='bbox 953 3994 992 4079; x_wconf 82' lang='grc' dir='ltr'><strong>ἧς</strong></span> <span class='ocrx_word' id='word_1_247' title='bbox 1006 3997 1121 4078; x_wconf 84' lang='grc' dir='ltr'><strong><em>πρώην</em></strong></span> <span class='ocrx_word' id='word_1_248' title='bbox 1143 3996 1224 4077; x_wconf 89' lang='grc' dir='ltr'><strong><em>πρός</em></strong></span> <span class='ocrx_word' id='word_1_249' title='bbox 1239 4020 1280 4079; x_wconf 96' lang='grc' dir='ltr'><strong><em>με</em></strong></span> <span class='ocrx_word' id='word_1_250' title='bbox 1301 3995 1403 4077; x_wconf 83' lang='grc' dir='ltr'><strong><em>ἔλεγεν</em></strong></span> <span class='ocrx_word' id='word_1_251' title='bbox 1424 3994 1470 4058; x_wconf 87' lang='grc' dir='ltr'><strong><em>ὅτι</em></strong></span> <span class='ocrx_word' id='word_1_252' title='bbox 1487 3993 1619 4058; x_wconf 76' lang='grc' dir='ltr'><strong><em>ἀσβενοῑ</em></strong></span> 
     </span>
    </p>

    <p class='ocr_par' dir='ltr' id='par_1_15' title="bbox 345 4108 1618 4277">
     <span class='ocr_line' id='line_1_33' title="bbox 452 4108 1618 4185; baseline -0.005 -16"><span class='ocrx_word' id='word_1_253' title='bbox 452 4109 619 4185; x_wconf 84' lang='lat' dir='ltr'><strong>Quartum,</strong></span> <span class='ocrx_word' id='word_1_254' title='bbox 645 4126 719 4168; x_wconf 88' lang='lat' dir='ltr'><strong>cum</strong></span> <span class='ocrx_word' id='word_1_255' title='bbox 743 4108 926 4184; x_wconf 85' lang='lat' dir='ltr'><strong>pronomini</strong></span> <span class='ocrx_word' id='word_1_256' title='bbox 950 4109 1008 4166; x_wconf 88' lang='lat' dir='ltr'><strong>rel.</strong></span> <span class='ocrx_word' id='word_1_257' title='bbox 1033 4108 1214 4167; x_wconf 84' lang='lat' dir='ltr'><strong>infinitivus</strong></span> <span class='ocrx_word' id='word_1_258' title='bbox 1236 4108 1397 4167; x_wconf 80' lang='lat' dir='ltr'><strong>subicitur</strong></span> <span class='ocrx_word' id='word_1_259' title='bbox 1412 4108 1459 4164; x_wconf 93' lang='lat' dir='ltr'><strong>ita</strong></span> <span class='ocrx_word' id='word_1_260' title='bbox 1474 4113 1511 4166; x_wconf 92' lang='lat' dir='ltr'><strong>ut</strong></span> <span class='ocrx_word' id='word_1_261' title='bbox 1527 4121 1618 4182; x_wconf 84' lang='lat' dir='ltr'><strong>gene·</strong></span> 
     </span>
     <span class='ocr_line' id='line_1_34' title="bbox 345 4214 1168 4277; baseline -0.006 0"><span class='ocrx_word' id='word_1_262' title='bbox 345 4219 432 4277; x_wconf 88' lang='lat' dir='ltr'><strong>tivus</strong></span> <span class='ocrx_word' id='word_1_263' title='bbox 455 4216 585 4276; x_wconf 86' lang='lat' dir='ltr'><strong>relativi</strong></span> <span class='ocrx_word' id='word_1_264' title='bbox 609 4216 704 4275; x_wconf 89' lang='lat' dir='ltr'><strong>simul</strong></span> <span class='ocrx_word' id='word_1_265' title='bbox 729 4216 912 4275; x_wconf 87' lang='lat' dir='ltr'><strong>subiectum</strong></span> <span class='ocrx_word' id='word_1_266' title='bbox 936 4215 977 4273; x_wconf 88' lang='lat' dir='ltr'><strong>sit</strong></span> <span class='ocrx_word' id='word_1_267' title='bbox 1004 4214 1168 4273; x_wconf 82' lang='lat' dir='ltr'><strong>infinitivi.</strong></span> 
     </span>
    </p>

    <p class='ocr_par' dir='ltr' id='par_1_16' title="bbox 344 4309 1619 4614">
     <span class='ocr_line' id='line_1_35' title="bbox 344 4309 1618 4399; baseline -0.007 -15"><span class='ocrx_word' id='word_1_268' title='bbox 344 4326 414 4384; x_wconf 89' lang='lat' dir='ltr'><strong>Ion.</strong></span> <span class='ocrx_word' id='word_1_269' title='bbox 453 4317 556 4382; x_wconf 81' lang='lat' dir='ltr'><strong>535u</strong></span> <span class='ocrx_word' id='word_1_270' title='bbox 586 4315 678 4388; x_wconf 85' lang='grc' dir='ltr'><strong><em>οὗτός</em></strong></span> <span class='ocrx_word' id='word_1_271' title='bbox 705 4318 784 4381; x_wconf 77' lang='grc' dir='ltr'><strong><em>ἐστιν</em></strong></span> <span class='ocrx_word' id='word_1_272' title='bbox 813 4316 971 4399; x_wconf 78' lang='grc' dir='ltr'><strong><em>δβεατὴς</em></strong></span> <span class='ocrx_word' id='word_1_273' title='bbox 986 4321 1063 4380; x_wconf 88' lang='grc' dir='ltr'><strong>Ιτῶν</strong></span> <span class='ocrx_word' id='word_1_274' title='bbox 1086 4316 1261 4379; x_wconf 81' lang='grc' dir='ltr'><strong><em>δακτυλίων</em></strong></span> <span class='ocrx_word' id='word_1_275' title='bbox 1283 4315 1302 4378; x_wconf 87' lang='grc' dir='ltr'><strong><em>δ</em></strong></span> <span class='ocrx_word' id='word_1_276' title='bbox 1326 4316 1455 4397; x_wconf 84' lang='grc' dir='ltr'><strong><em>ἔσχατος</em></strong></span> <span class='ocrx_word' id='word_1_277' title='bbox 1483 4309 1532 4378; x_wconf 85' lang='grc' dir='ltr'><strong>ὧν</strong></span> <span class='ocrx_word' id='word_1_278' title='bbox 1559 4311 1618 4394; x_wconf 76' lang='grc' dir='ltr'><strong>ἐγὼ</strong></span> 
     </span>
     <span class='ocr_line' id='line_1_36' title="bbox 584 4419 1619 4507; baseline -0.007 -19"><span class='ocrx_word' id='word_1_279' title='bbox 584 4425 690 4505; x_wconf 80' lang='grc' dir='ltr'><strong><em>ἔλεγον</em></strong></span> <span class='ocrx_word' id='word_1_280' title='bbox 715 4423 779 4487; x_wconf 79' lang='grc' dir='ltr'><strong><em>ὑπὸ</em></strong></span> <span class='ocrx_word' id='word_1_281' title='bbox 807 4430 861 4507; x_wconf 84' lang='grc' dir='ltr'><strong><em>τῆς</em></strong></span> <span class='ocrx_word' id='word_1_282' title='bbox 890 4420 1155 4506; x_wconf 83' lang='grc' dir='ltr'><strong><em>Ἡρακλειῶτιδος</em></strong></span> <span class='ocrx_word' id='word_1_283' title='bbox 1182 4422 1274 4485; x_wconf 81' lang='grc' dir='ltr'><strong><em>λίδου</em></strong></span> <span class='ocrx_word' id='word_1_284' title='bbox 1304 4422 1358 4484; x_wconf 84' lang='grc' dir='ltr'><strong><em>ἀπ’</em></strong></span> <span class='ocrx_word' id='word_1_285' title='bbox 1394 4420 1539 4503; x_wconf 83' lang='grc' dir='ltr'><strong><em>ἀλλήλων</em></strong></span> <span class='ocrx_word' id='word_1_286' title='bbox 1568 4419 1619 4501; x_wconf 84' lang='grc' dir='ltr'><strong><em>τὴν</em></strong></span> 
     </span>
     <span class='ocr_line' id='line_1_37' title="bbox 585 4531 926 4614; baseline -0.006 -19"><span class='ocrx_word' id='word_1_287' title='bbox 585 4532 717 4614; x_wconf 84' lang='grc' dir='ltr'><strong><em>δύναμιν</em></strong></span> <span class='ocrx_word' id='word_1_288' title='bbox 739 4531 926 4614; x_wconf 72' lang='grc' dir='ltr'><strong><em>λαμβάνειν,</em></strong></span> 
     </span>
    </p>

    <p class='ocr_par' dir='ltr' id='par_1_17' title="bbox 344 4635 1356 4831">
     <span class='ocr_line' id='line_1_38' title="bbox 451 4635 1356 4719; baseline -0.008 -15"><span class='ocrx_word' id='word_1_289' title='bbox 451 4645 601 4704; x_wconf 88' lang='lat' dir='ltr'><strong>Attracta</strong></span> <span class='ocrx_word' id='word_1_290' title='bbox 624 4649 699 4703; x_wconf 89' lang='lat' dir='ltr'><strong>sunt</strong></span> <span class='ocrx_word' id='word_1_291' title='bbox 721 4643 914 4719; x_wconf 88' lang='lat' dir='ltr'><strong>pronomina</strong></span> <span class='ocrx_word' id='word_1_292' title='bbox 936 4637 1026 4710; x_wconf 86' lang='grc' dir='ltr'><strong><em>ὅστις,</em></strong></span> <span class='ocrx_word' id='word_1_293' title='bbox 1050 4637 1158 4718; x_wconf 87' lang='grc' dir='ltr'><strong><em>ὅσπερ,</em></strong></span> <span class='ocrx_word' id='word_1_294' title='bbox 1182 4635 1265 4705; x_wconf 85' lang='grc' dir='ltr'><strong><em>ὅσος.</em></strong></span> <span class='ocrx_word' id='word_1_295' title='bbox 1353 4657 1356 4662; x_wconf 54' lang='lat'><em>⁴</em></span> 
     </span>
     <span class='ocr_line' id='line_1_39' title="bbox 344 4740 1281 4831; baseline -0.01 -17"><span class='ocrx_word' id='word_1_296' title='bbox 344 4753 426 4815; x_wconf 88' lang='lat' dir='ltr'><strong>Phil.</strong></span> <span class='ocrx_word' id='word_1_297' title='bbox 483 4746 561 4810; x_wconf 77' lang='lat'>431)</span> <span class='ocrx_word' id='word_1_298' title='bbox 584 4749 679 4831; x_wconf 87' lang='grc' dir='ltr'><strong><em>τριῶν</em></strong></span> <span class='ocrx_word' id='word_1_299' title='bbox 702 4742 759 4810; x_wconf 81' lang='grc' dir='ltr'><strong>οὖν</strong></span> <span class='ocrx_word' id='word_1_300' title='bbox 782 4745 885 4809; x_wconf 79' lang='grc' dir='ltr'><strong><em>ὄντων</em></strong></span> <span class='ocrx_word' id='word_1_301' title='bbox 907 4745 982 4828; x_wconf 72' lang='grc' dir='ltr'><strong><em>ἡμῖν</em></strong></span> <span class='ocrx_word' id='word_1_302' title='bbox 1004 4740 1144 4807; x_wconf 84' lang='grc' dir='ltr'><strong><em>ὧντινων</em></strong></span> <span class='ocrx_word' id='word_1_303' title='bbox 1166 4742 1281 4827; x_wconf 84' lang='grc' dir='ltr'><strong><em>βούλει,</em></strong></span> 
     </span>
    </p>
   </div>
   <div class='ocr_carea' id='block_1_7' title="bbox 0 0 1750 5500">
    <p class='ocr_par' dir='ltr' id='par_1_18' title="bbox 0 0 1750 5500">
     <span class='ocr_line' id='line_1_40' title="bbox 0 0 1750 5500; baseline 0 0"><span class='ocrx_word' id='word_1_304' title='bbox 0 0 1750 5500; x_wconf 95' lang='lat' dir='ltr'><strong> </strong></span> 
     </span>
    </p>
   </div>
  </div>
 </body>
</html>
