3492 5500
873 489 1050 547 ‚u-

323 677 480 737 Herodoti
503 676 544 736 II.
572 671 634 737 106
657 670 711 743 τὰς
724 672 770 736 ’δὲ
792 673 905 756 στήλας
927 673 981 744 τὰς
1004 675 1071 737 ἵστα
1093 672 1172 737 κατὰ
1195 680 1250 756 τῆς
1272 675 1383 756 χώρας
1405 674 1607 757 ὁΑἰγύπτου

652 779 795 862 βασιλεὺς
817 779 1004 862 Σέσωστρις,
1028 782 1062 843 αἱ
1082 780 1141 862 μὲν
1162 780 1292 852 πλεῦνες
1313 781 1376 844 κτλ.

323 886 665 968 Thuoyo.111.104.2.
686 888 794 970 θῆκαι,
817 888 889 951 ὅσαι
912 886 991 970 ἦσαν
1014 893 1078 951 τῶν
1101 888 1285 952 τεθνεώτων
1308 888 1342 951 ἐν
1364 887 1468 970 Δήλῳ,
1491 889 1601 959 πάσας

692 994 820 1057 ἀνεῖλον.

322 1106 399 1181 Lyn.
445 1106 535 1166 XIX.
591 1100 645 1164 47.
680 1101 757 1164 ἀλλὰ
780 1100 836 1184 τὴν
859 1103 968 1165 οὐσίαν
1003 1104 1042 1183 ἣν
1075 1102 1218 1165 κατέλιπε
1249 1109 1296 1183 τῷ
1319 1103 1380 1165 υἱεῖ
1399 1103 1438 1165 οὗ
1460 1102 1607 1172 πλείονος

680 1209 751 1281 ἀξία
774 1208 854 1271 ἐστὶν
877 1211 897 1291 ἢ
920 1209 1074 1290 τεττάρων
1097 1208 1151 1271 καὶ
1175 1209 1253 1272 δέκα
1275 1208 1442 1272 ταλάντων.

323 1319 498 1381 Oraculum
522 1320 610 1395 apud
635 1320 767 1381 Suidam
792 1338 815 1378 s.
831 1339 859 1377 υ.
872 1313 995 1397 Ὑμεῖς,
1016 1313 1221 1397 ὠΜεγαρεῖς
1244 1317 1355 1396 (Frag.
1377 1320 1461 1378 Hist.
1486 1318 1608 1380 Graec.
1714 1408 1718 1413 .

680 1429 721 1486 Μ.
746 1427 787 1485 ΙΙ.
812 1444 844 1502 p.
860 1422 915 1485 51.
942 1421 995 1502 17)
1019 1422 1161 1501 (initium
1184 1427 1309 1489 oraculi
1332 1423 1469 1501 excidit)

679 1531 774 1592 ἵππον
801 1528 1015 1612 Θεοοαιλικὴν,
1038 1528 1293 1611 Λακεδαιμονίην
1316 1528 1351 1592 δὲ
1373 1535 1514 1611 γυναῖκα,

680 1636 792 1717 ἄνδρες
816 1636 844 1699 δ’
869 1639 904 1699 οἳ
921 1637 1062 1700 πίνουσιν
1084 1636 1176 1718 ὕδωρ
1200 1636 1298 1720 καλῆς
1316 1636 1510 1718 Ἀριΰούοης
1525 1638 1548 1700 ¹.

323 1750 406 1809 Plat.
428 1749 495 1809 Pol.
520 1747 591 1808 VH.
607 1742 727 1822 520D;
752 1748 879 1807 Menon.
903 1742 1016 1807 963¹.

430 1857 467 1916 In
487 1856 628 1916 hiscum
644 1857 753 1931 plures
778 1855 841 1915 loci
859 1871 919 1930 per
934 1855 1152 1915 anacoluthon
1173 1855 1418 1914 excusationem
1430 1855 1607 1929 accipiant,

324 1969 433 2022 tamen
456 1963 604 2022 nonnulli
628 1963 661 2021 in
686 1979 758 2021 eam
782 1961 970 2037 explicandi
994 1962 1153 2021 rationem
1186 1978 1284 2035 quam
1307 1962 1459 2036 proposui
1483 1962 1609 2036 optime

325 2071 497 2143 quadrant.
530 2069 633 2127 Locos
657 2070 730 2128 dico
753 2069 791 2128 Il.
816 2062 853 2126 Z.
866 2062 942 2139 396,
968 2062 1004 2126 Ξ.
1019 2062 1070 2137 15,
1095 2062 1180 2141 311ς
1205 2062 1343 2141 Κ.416;
1368 2066 1470 2143 Odys.
1492 2063 1528 2125 d.
1544 2061 1606 2141 743

325 2175 422 2250 Soph.
435 2176 484 2234 El.
498 2169 573 2246 653,
598 2176 717 2235 Traoh.
732 2170 805 2246 151,
830 2169 915 2247 2833
939 2176 1016 2234 Eur.
1029 2174 1114 2233 Med.
1129 2170 1189 2248 123
1214 2174 1364 2249 Thucyd.
1388 2174 1447 2233 HI.
1472 2168 1547 2232 104.
1563 2169 1606 2244 23

326 2283 407 2340 duos
430 2283 518 2340 locos
540 2282 694 2341 Platonis.
729 2281 825 2340 Hanc
841 2282 1093 2357 explicationem
1110 2282 1175 2341 iam
1185 2282 1267 2341 duos
1277 2281 1397 2340 abhinc
1406 2297 1508 2339 annos
1523 2281 1606 2340 mihi

324 2390 494 2464 probatam
510 2390 733 2448 recentissimo
750 2393 894 2463 tempore
910 2405 931 2446 a
946 2389 1076 2459 Bachio,
1101 2389 1156 2463 qui
1172 2389 1257 2448 hanc
1273 2388 1499 2447 attractionem
1515 2389 1606 2463 apud

323 2496 455 2554 Latinos
470 2496 693 2570 pertractavit,
718 2496 961 2571 comprobatam
978 2513 1049 2555 esse
1064 2497 1203 2571 guadeo.
1235 2496 1347 2554 Verba
1358 2496 1428 2554 eius
1439 2496 1606 2570 adponere

324 2603 403 2660 1111111
426 2602 525 2660 liceat
535 2598 558 2661 ⁸.
585 2602 642 2683 „In
666 2603 727 2662 hac
750 2603 852 2679 igitur
867 2603 1118 2672 constructione,
1143 2603 1170 2661 si
1187 2603 1295 2661 sobrio
1318 2608 1448 2661 utemur
1469 2601 1605 2672 iudicio,

325 2715 503 2770 statuemus
513 2711 614 2770 latere
624 2728 690 2770 non
699 2716 766 2769 tam
781 2710 1017 2788 negligentiam
1027 2711 1192 2784 quandam
1205 2710 1386 2785 priscorum
1398 2709 1606 2784 scriptorum,

324 2818 358 2875 id
388 2818 475 2891 quod
499 2818 602 2877 voluit
624 2818 743 2888 Haase,
779 2835 878 2892 quam
900 2818 1141 2877 vetustissimae
1165 2817 1399 2876 sententiarum
1422 2817 1606 2888 iuncturae,

324 2941 408 2997 quae
431 2930 569 2984 vocatur
591 2925 801 2999 parataotioa‚
825 2925 977 3000 vestigia.
1023 2925 1062 2982 Id
1096 2930 1205 2983 tamen
1229 2924 1333 2999 primo
1357 2924 1472 2982 obtutu
1495 2924 1608 2997 quivis

323 3030 415 3087 videt
437 3030 505 3087 vim
522 3031 752 3088 enuntiationis
768 3031 982 3089 secundariae
998 3032 1106 3105 priore
1123 3032 1193 3089 loco
1209 3031 1333 3106 positae
1351 3031 1432 3089 adeo
1449 3047 1607 3105 superare

324 3135 524 3210 primariam,
549 3143 586 3195 ut
609 3136 690 3195 illud
713 3153 841 3208 nornen,
866 3138 991 3211 dequo
1015 3138 1179 3196 contentio
1202 3144 1260 3207 est,
1285 3137 1345 3195 etsi
1370 3138 1501 3212 ponitur
1528 3144 1606 3197 ante

324 3259 501 3316 pronomen
525 3244 708 3315 relativum,
742 3245 784 3302 ad
809 3261 843 3302 se
867 3245 1009 3302 attrahat
1036 3245 1070 3301 in
1094 3261 1250 3317 suamque
1274 3244 1412 3318 recipiat
1436 3244 1606 3303 ditionem.

324 3349 414 3407 Haeo
438 3351 588 3409 attractio
622 3352 686 3421 vel,
721 3360 758 3410 ut
792 3352 914 3410 rectius
949 3351 1066 3420 dicam,
1102 3351 1278 3409 verborum
1307 3351 1515 3425 transpositio
1540 3368 1608 3411 non

324 3456 422 3514 habet
456 3458 631 3530 quicquam
665 3465 722 3516 aut
754 3458 958 3516 difficultatis
990 3464 1046 3515 aut
1078 3456 1274 3527 offensionis,
1310 3457 1367 3515 ubi
1390 3472 1509 3516 nomen
1533 3459 1609 3518 sub·

324 3563 502 3621 stantivum
524 3563 649 3621 nudum
673 3565 784 3621 sedem
808 3570 946 3638 occupat
969 3572 1045 3622 ante
1068 3579 1247 3639 pronomen
1271 3555 1475 3623 relativum.“

431 3670 521 3729 Haec
545 3670 644 3728 habui
667 3686 751 3743 quac
776 3671 816 3729 de
840 3671 1044 3729 attractionis
1067 3687 1128 3730 usu
1151 3671 1318 3729 Platonico
1346 3671 1510 3729 monenda
1532 3688 1607 3731 esse

324 3778 555 3836 existimarem.
577 3815 579 3824 ι
602 3776 743 3853 Operam
778 3778 869 3836 initio
893 3779 971 3836 mihi
996 3779 1194 3853 propositam
1221 3779 1306 3836 bene
1329 3778 1510 3852 perfectam
1534 3795 1607 3837 esse

324 3884 487 3955 iudicabo
513 3886 539 3943 si
563 3886 641 3944 mihi
666 3887 807 3944 feliciter
829 3887 987 3962 evenerit,
1020 3893 1057 3944 ut
1088 3891 1239 3944 naturam
1272 3891 1370 3958 atque
1393 3901 1607 3961 progressum

324 3991 419 4050 huius
457 3993 582 4068 figurae
626 4008 830 4067 quocumque
874 3993 971 4050 modo
1015 3992 1268 4052 illuminaverim
1306 3998 1405 4064 atque
1439 3991 1607 4062 tenebras

324 4099 443 4171 quibus
467 4099 666 4160 circumfusa
689 4106 747 4170 est,
773 4099 993 4160 discusserim.

431 4322 441 4360 ¹
460 4325 526 4379 Hoc
544 4325 610 4379 loco
624 4325 745 4379 codices
759 4326 849 4379 valde
862 4326 1044 4395 discrepant,
1064 4326 1114 4378 alii
1127 4326 1222 4392 ἄνδρες
1235 4323 1286 4378 alii
1300 4325 1399 4391 ἄνδρας
1413 4323 1606 4392 praebentes.

325 4414 392 4483 Qua
411 4415 449 4469 de
468 4430 561 4468 causa
580 4415 638 4470 hoc
657 4416 829 4484 exemplum
849 4431 911 4469 non
930 4415 1058 4469 multum
1077 4415 1167 4469 valet.

430 4501 442 4540 ⁹
461 4504 504 4559 Cf.
523 4505 604 4557 infra
623 4521 650 4574 p.
664 4504 748 4573 46sq.

431 4590 550 4668 ⁸Prog.
572 4593 599 4650 11.
618 4593 838 4650 Bischiiflicheu
857 4593 966 4663 Gymn.
986 4608 1025 4646 zu
1044 4592 1234 4663 Strassburg,
1254 4593 1333 4648 1888.
1352 4608 1380 4663 p.
1399 4591 1442 4645 90.

856 4774 921 4784 ...ι-..-
947 4775 1069 4782 --.--.-.
