3492 5500
684 528 845 587 „17-

18 752 25 773 .
129 717 246 779 dentur
279 717 393 796 generi
428 735 549 789 eornm,
585 734 666 793 quos
700 720 805 795 primo
837 719 909 777 loco
944 717 1074 793 protuli.
1120 716 1301 778 Licentiam
1329 732 1408 804 vero

10 888 13 897 ,
129 843 226 900 quam
248 827 426 885 maximam
449 826 484 884 in
507 827 621 885 ordine
645 827 821 885 verborum
844 826 1104 885 enuntiationum
1128 827 1198 885 rell.
1218 832 1409 901 usurpatam

10 971 27 1008 ,μγ
130 949 198 991 esse
222 950 239 991 e
264 933 476 1007 sequentibus
499 934 681 1009 apparebit.
711 933 771 991 His
787 939 897 991 autem
913 948 994 1006 quos
1017 938 1093 991 ante
1117 934 1228 991 oeulos
1251 933 1409 992 habemus

129 1039 208 1097 loeis
237 1039 380 1098 notabile
408 1044 457 1097 est
481 1040 650 1097 enuntiata
672 1039 743 1098 rell.
768 1039 854 1098 inter
876 1039 1152 1114 praepositionem
1180 1046 1213 1099 et
1236 1041 1410 1099 articulum

130 1145 300 1204 interiecta
322 1162 403 1216 esse,
428 1148 522 1220 qnasi
545 1146 616 1203 loco
641 1146 800 1204 attributi.
847 1144 913 1205 Sed
935 1146 1164 1220 incorporatio,
1200 1162 1299 1220 quam
1327 1147 1408 1216 dixi,

6 1280 21 1333 g
131 1268 193 1309 non
217 1252 253 1309 lit
275 1253 338 1310 nisi
362 1253 499 1311 articulo
523 1258 673 1327 separato
697 1269 717 1310 a
739 1253 879 1311 nomine.

235 1359 350 1418 Modus
384 1365 493 1417 autern
526 1359 577 1417 his
612 1360 788 1418 enuntiatis
822 1360 893 1418 rell.
928 1376 1032 1434 paene
1061 1361 1212 1419 omnibns
1246 1360 1412 1418 adhibitus

131 1471 179 1524 est
201 1466 411 1524 indicativus.
448 1466 533 1524 Nam
555 1472 605 1524 ter
621 1471 653 1524 et
673 1467 831 1542 nonagies
854 1472 991 1541 apparet
1014 1467 1214 1525 indicativus
1237 1467 1335 1537 solus,
1359 1473 1410 1525 ter

11 1550 17 1609 Ᾰ
130 1573 327 1630 indicativus
351 1589 426 1631 cum
448 1573 619 1642 infinitivo,
644 1573 695 1630 bis
718 1573 917 1631 indicativus
941 1588 1016 1632 cum
1038 1573 1221 1648 participio·
1277 1571 1413 1632 Coniun-

132 1678 237 1737 ctivns
261 1695 335 1738 eum
358 1674 397 1737 ἄν
419 1680 582 1755 particula
604 1680 712 1738 sexies
735 1680 865 1757 legitur,
891 1681 991 1739 semel
1014 1680 1242 1738 coniunctivus
1266 1687 1341 1738 eum
1368 1681 1414 1739 in·

6 1762 23 1841 s
131 1786 266 1856 finitive,
302 1787 402 1844 semol
437 1783 602 1861 optativus
630 1787 785 1845 orationis
809 1786 971 1860 obliquae,
1007 1787 1108 1861 Epist.
1133 1781 1195 1844 341
1215 1786 1250 1844 B.
1297 1776 1414 1846 Omnia

132 1896 242 1949 autem
264 1892 359 1950 verbi
382 1898 529 1967 tempora
552 1893 759 1967 reperiuntur
782 1897 913 1966 praeter
935 1892 1082 1951 futurum
1105 1899 1138 1950 et
1157 1893 1303 1951 futurum
1320 1909 1414 1952 exac-

6 1982 20 2059 '.
132 2002 211 2068 tum,
234 2013 372 2072 quorum
395 1998 521 2056 vicaria
544 2015 615 2056 esse
639 1999 784 2056 concedo
807 2003 955 2073 tempora
978 1999 1189 2057 coniunctivi.

236 2104 409 2178 Reliquum
442 2110 491 2163 est
524 2109 561 2162 ut
595 2105 637 2162 de
672 2105 797 2164 ambitu
831 2105 1073 2164 enuntiatorum
1101 2106 1171 2165 rell.
1196 2113 1228 2165 et
1251 2108 1412 2182 positione

17 2247 21 2255 -
132 2227 237 2285 panea
261 2211 379 2269 dicam.
425 2211 638 2270 Enuntiatum
661 2212 719 2270 rel.
742 2211 876 2270 modum
899 2216 1053 2286 quattuor
1075 2213 1310 2273 vocabulorum
1338 2231 1413 2274 raro

14 2304 21 2381 s
133 2332 300 2393 egressum
323 2323 387 2392 est3
423 2319 597 2392 quinquies
631 2335 674 2377 ex
709 2318 852 2393 quinque
876 2319 1013 2378 vocibus
1036 2320 1190 2390 constitit,
1226 2326 1343 2394 quater
1370 2339 1414 2380 ex

133 2440 202 2494 sex,
231 2425 283 2482 bis
306 2442 350 2483 ex
378 2401 512 2500 septem,
549 2427 648 2485 semel
683 2431 756 2484 octo
791 2421 880 2501 (Lys.
904 2420 969 2484 206
986 2422 1033 2502 O),
1069 2428 1170 2485 semel
1193 2444 1237 2485 ex
1259 2429 1412 2487 undecim

132 2526 246 2606 (Legg.
260 2525 323 2590 746
336 2527 388 2607 A),
406 2533 505 2590 semel
530 2549 572 2591 ex
596 2533 770 2592 duodecim
792 2528 873 2607 (Ion.
890 2525 956 2591 535
968 2534 1005 2603 E,
1030 2549 1061 2607 q.
1078 2550 1110 2591 v.
1127 2512 1259 2610 supra).⁴
1285 2533 1412 2611 Septies

132 2642 259 2695 tantum
282 2639 486 2697 enuntiatum
519 2640 798 2698 rel.'sententiam
827 2640 1018 2714 primariam
1046 2642 1222 2700 antecedit.
1268 2640 1413 2717 Singulis

132 2743 186 2802 vel
209 2743 296 2803 binis
322 2746 491 2804 vocabulis
518 2746 719 2822 interpositis
735 2746 898 2821 dirempta
913 2753 963 2805 est
978 2747 1157 2806 enuntiatio
1173 2748 1232 2806 rel.
1245 2766 1266 2807 a
1281 2750 1411 2809 nomine

6 2813 18 2848 ⁵
132 2852 261 2927 regenti
285 2852 398 2911 decem
433 2854 523 2923 loeis,
559 2854 660 2911 ternis
687 2853 857 2911 vocabulis
881 2854 941 2923 bis,
978 2854 1078 2912 semel
1101 2859 1255 2928 quattuor
1276 2857 1414 2916 vocibus

12 3023 20 3034 ί
132 2953 247 3034 (Legg.
272 2952 336 3017 723
352 2955 405 3034 D),
430 2960 530 3018 semel
554 2975 613 3018 sex
637 2955 726 3035 (Lys.
742 2952 808 3017 205
824 2954 876 3034 A).
923 2959 1045 3020 Ultimo
1068 2961 1140 3019 loco
1164 2967 1232 3020 tota
1252 2964 1413 3022 sententia

133 3066 328 3123 secundaria
350 3066 521 3124 interiecta
544 3072 603 3124 est.

240 3170 330 3229 Haeo
353 3172 452 3230 habui
476 3189 559 3247 quae
584 3173 625 3231 de
659 3174 767 3248 priore
802 3190 923 3250 genere
957 3175 1012 3232 vel
1046 3176 1238 3234 attributivo
1273 3177 1414 3235 dicenda

133 3278 365 3337 existimarem.

240 3384 276 3442 B.
301 3383 413 3445 Genus
437 3396 549 3446 eorum
573 3388 816 3447 enuntiatorum
845 3404 930 3462 quae
953 3389 1079 3447 nullum
1103 3390 1263 3449 auxilium
1286 3390 1321 3449 in
1345 3407 1415 3449 sen-

133 3492 237 3549 tentia
260 3492 417 3566 primaria
439 3491 571 3564 habent,
595 3495 650 3552 vel
673 3495 916 3553 substantivum
939 3512 1054 3571 genus.

241 3598 345 3658 Huius
380 3601 511 3676 generis
546 3602 697 3676 exempla
731 3603 912 3661 seeundum
945 3609 1097 3662 naturam
1130 3606 1365 3664 vocabulorum
1397 3622 1415 3663 e

133 3706 254 3779 quibus
269 3707 509 3765 enuntiationes
525 3708 683 3766 relativae
698 3709 844 3784 pendent
855 3710 890 3768 in
907 3711 1055 3769 diversas
1071 3712 1192 3770 classes
1209 3711 1414 3781 distribuam,

131 3817 171 3871 ut
193 3812 352 3871 rationem
376 3814 578 3890 singulorum
601 3817 746 3875 locorum
769 3832 868 3890 quam
891 3818 1012 3892 optime
1036 3818 1274 3894 intellegamus.

240 3919 267 3977 Ι.
313 3919 342 3978 Α
365 3921 551 3980 nominibus
574 3923 718 3997 pendent
742 3925 911 3983 enuntiata
933 3925 991 3983 rel.

289 4022 318 4084 1.
342 4026 458 4086 Neutri
480 4030 622 4104 generis.

241 4133 429 4192 Enuntiatio
453 4135 511 4193 rel.
536 4143 662 4195 constat
685 4154 703 4196 e
727 4138 855 4198 duobus
878 4139 1064 4198 vocabulis:

132 4238 299 4314 Euthyph.
325 4235 399 4298 14Β
420 4235 456 4299 τὸ
479 4238 651 4320 κεφάλαιον
674 4236 721 4302 ὧν
744 4240 889 4322 ἠρώτων.

133 4342 235 4421 Gorg.
295 4340 397 4405 465A
410 4342 514 4424 ’λόγον
537 4343 652 4408 οὐδένα
676 4342 724 4409 ὧν
746 4347 919 4428 προσφέρει
928 4345 949 4419 ¹,

295 4446 397 4512 toln
419 4449 475 4532 τὴν
497 4449 595 4514 αἰτίαν
618 4448 666 4515 ὧν
688 4453 821 4535 πράττει,

243 4658 253 4697 ¹
273 4660 399 4717 Codices
426 4663 575 4732 praebent
602 4662 626 4733 ᾧ
652 4663 799 4733 προσφέρει
818 4665 835 4718 ἃ
852 4665 1009 4734 προσφέρει.
1039 4664 1163 4726 ¹Fieinus
1182 4666 1297 4734 primus
1317 4679 1415 4718 emen·

133 4748 222 4805 davit
241 4751 271 4803 in
290 4750 329 4805 ὧν
346 4751 502 4821 προσφέρει,
523 4753 573 4806 alii
593 4754 652 4807 alia
672 4754 891 4807 coniectarunt.
