3492 5500
916 503 1057 560 „fi-

346 688 466 748 festum
490 696 538 748 666
560 690 629 748 vim
653 708 736 764 6666
760 691 861 749 efficit
884 697 920 750 66
944 707 1039 750 66666
1062 693 1261 767 pronominis
1285 694 1343 751 rel.
1366 700 1510 752 mutetur
1530 695 1632 752 aliam

347 811 428 867 esse,
453 813 527 856 cum
542 798 749 869 vocabulum,
774 798 1003 872 quodcumque
1019 805 1078 869 est,
1100 815 1201 873 aquo
1217 800 1398 859 enuntiatio
1414 803 1472 859 rel.
1485 803 1633 876 pendeat

346 904 381 961 in
398 904 559 962 sententia
570 904 726 978 primaria
741 906 870 963 omnino
887 922 952 963 non
969 906 1056 964 adsit
1071 922 1178 980 neque
1194 923 1269 965 eum
1285 924 1382 981 quem
1399 914 1632 983 exspectamus

347 1026 459 1069 casum
482 1010 619 1084 indicet3
644 1012 752 1081 aliam,
777 1028 851 1070 cum
875 1013 940 1070 tale
964 1012 1090 1086 aliquid
1113 1013 1265 1072 addatur.

453 1116 613 1175 Attractio
637 1123 746 1176 autem
770 1119 971 1192 pronominis
1000 1119 1130 1177 relativi
1160 1119 1298 1195 singulis
1332 1121 1453 1179 libellis
1487 1126 1633 1180 tractata

347 1228 396 1281 est
420 1240 440 1280 a
462 1223 673 1297 sequentihus
697 1224 777 1282 viris
801 1225 916 1296 doctis,
940 1241 1079 1299 quorum
1102 1226 1392 1285 commentationes
1408 1206 1631 1302 praeteream

347 1346 445 1403 quam
469 1329 613 1388 Schoene
637 1330 740 1389 edidit
763 1336 838 1390 ante
862 1333 975 1390 oculus
998 1333 1113 1391 habeo.
1160 1332 1225 1391 Sed
1247 1333 1373 1391 minimi
1401 1334 1555 1393 momenti
1579 1341 1633 1393 est

346 1436 450 1494 maior
472 1453 548 1510 pars
571 1437 687 1495 horum
711 1438 1059 1509 commentariolorum‚
1083 1440 1275 1514 praesertim
1299 1457 1374 1499 cum
1402 1441 1541 1499 materia
1562 1457 1633 1500 non

347 1543 425 1601 satis
448 1549 600 1602 accurate
624 1544 761 1602 collecta
784 1545 836 1602 sit.
882 1545 1081 1616 Renovare,
1118 1547 1245 1604 etiamsi
1283 1548 1387 1607 multa
1410 1548 1633 1622 praetermisit

347 1651 508 1724 exempla,
532 1651 642 1708 omnia
664 1651 752 1725 apud
776 1652 952 1726 scriptores
968 1652 1100 1710 Latinos
1122 1653 1326 1712 attractionis
1342 1671 1465 1730 genera
1480 1655 1634 1729 exposita

347 1763 422 1814 66116
446 1774 466 1815 6
489 1755 528 1815 G.
541 1757 579 1814 T.
593 1757 631 1816 A.
645 1758 815 1834 Kruegero
827 1759 862 1817 in
875 1759 959 1817 libro
973 1759 1026 1818 661
1036 1759 1219 1834 inscripsit:
1245 1755 1299 1819 die
1311 1753 1508 1820 Attralctioa
1519 1756 1556 1819 ia
1568 1756 1633 1820 der

347 1854 564 1923 lateinischea
588 1857 758 1942 86166161
781 1860 836 1924 616
859 1860 1014 1941 Versach,
1040 1861 1181 1925 dissolbe
1204 1861 1241 1924 16
1265 1861 1373 1925 iliram
1395 1883 1523 1946 ponzen
1553 1863 1632 1927 Um-

344 1965 448 2050 faape
471 1965 697 2031 dorcastelleu
718 1967 779 2031 mit
795 1950 1288 2054 bestdadipcrlidclcsichtaaf
1300 1968 1362 2033 das
1385 1968 1631 2034 spectacla&

346 2075 394 2134 De
418 2078 622 2136 attractionis
646 2083 757 2137 autem·
788 2079 878 2153 apud
907 2085 1019 2153 poetas
1043 2078 1185 2138 Graecos
1208 2096 1271 2138 usu
1293 2085 1388 2139 acute
1412 2087 1634 2155 accurateque

347 2171 502 2241 disseruit
535 2184 717 2243 Richardus
752 2184 919 2255 Foerster‚
955 2186 1026 2259 661,
1063 2203 1137 2245 6661
1175 2187 1371 2261 particulam
1409 2187 1549 2262 primam
1587 2189 1633 2246 de

347 2289 550 2347 attractionis
572 2307 634 2348 usu
657 2291 840 2365 Aeschyleo
855 2291 1074 2351 Vratislaviae
1097 2310 1182 2352 anno
1206 2294 1237 2350 h.
1255 2310 1280 2351 s.
1308 2293 1412 2353 LXVI
1435 2295 1595 2354 emisisset
1604 2291 1630 2366 2,

347 2384 478 2454 biennio
502 2397 677 2471 praeterito
706 2397 827 2456 librum
851 2398 892 2456 de
916 2399 1119 2457 attractionis
1145 2382 1235 2474 apud
1263 2406 1376 2474 poetas
1400 2399 1542 2460 Graecos
1564 2419 1631 2463 usu

346 2502 500 2561 universo
524 2504 717 2578 conscripsit
739 2504 837 2563 laude
861 2505 1088 2581 dignissimum
1097 2501 1120 2563 ³.
1174 2506 1387 2565 Attractionis
1410 2525 1504 2567 usum
1528 2510 1631 2584 poeti·

347 2625 422 2667 cum
445 2591 615 2685 praeterea
637 2616 829 2682 tractarunt,
854 2614 1035 2671 secundum
1058 2614 1213 2688 temporis
1229 2614 1376 2673 ordinem
1393 2616 1552 2690 dispositi,
1576 2617 1629 2677 hi:

346 2714 621 2804 Kleinschmidt4‚
667 2713 832 2792 Krause5,
878 2716 1054 2780 Dietrichl.
1122 2714 1174 2780 Ab
1197 2722 1262 2781 illis
1285 2723 1519 2799 praetermissa
1553 2731 1631 2783 sunt

446 2870 696 2942 1Braunsvigae‚
717 2872 795 2928 1827.

445 2958 522 3015 2De
542 2962 729 3015 attractionis
755 2963 787 3014 in
815 2977 930 3031 graeca
948 2963 1056 3032 lingua
1074 2978 1133 3018 usu
1152 2966 1363 3033 quaestionem
1382 2964 1536 3019 Particula
1553 2965 1568 3018 I
1587 2966 1629 3021 (16

348 3051 539 3104 attractionis
558 3065 618 3104 usu
636 3048 814 3120 Aeschyleo.

447 3135 676 3202 81.,166666161166
704 3138 742 3192 de
771 3140 951 3193 attractione
980 3141 1223 3194 enuntiationum
1251 3142 1313 3196 rell.
1343 3144 1441 3211 qualis
1474 3159 1567 3212 quum
1595 3145 1629 3197 in

314 3233 316 3238 '
347 3228 412 3282 aliis
437 3233 501 3282 tum
529 3229 560 3282 in
590 3243 704 3298 graeca
732 3228 838 3297 lingua
865 3229 1115 3298 potissimumque
1143 3230 1226 3299 apud
1245 3245 1375 3299 graecos
1394 3238 1501 3301 poetas
1525 3233 1628 3301 suerit,

347 3315 577 3371 Β616111111868.
1079 3356 1081 3358 -

444 3404 457 3441 4
476 3405 693 3470 Quaestionum
713 3406 750 3461 (16
770 3408 952 3461 attractione
972 3422 1064 3475 quam
1083 3407 1187 3462 dicunt
1210 3409 1360 3478 particula
1383 3411 1488 3478 prima,
1508 3411 1629 3478 scripsit

346 3493 381 3547 A.
401 3494 431 3548 F.
452 3495 676 3563 Kleinschmidt,
706 3496 1003 3565 Einladungsschrift
1032 3512 1070 3550 zu
1101 3497 1155 3551 der
1182 3496 1271 3552 Feier
1300 3497 1354 3552 des
1383 3496 1628 3553 Schrdderschen

347 3583 455 3653 Gymn.
474 3600 513 3638 zu
532 3584 666 3654 Torgau,
687 3583 764 3638 1841.
1125 3642 1128 3648 ,

445 3671 521 3727 5De
550 3673 679 3727 duorum
708 3673 896 3726 attractionis
925 3689 1074 3742 generum
1105 3690 1164 3728 usu
1198 3675 1282 3744 apud
1310 3676 1453 3745 tragicos
1492 3674 1628 3730 Isidorus

349 3760 478 3828 Krause,
497 3761 705 3829 Vratislaviae‚
726 3762 803 3816 1863.
842 3759 963 3815 Genera
976 3767 1046 3816 sunt
1059 3764 1150 3817 haec:
1168 3765 1297 3833 primum
1311 3766 1342 3817 in
1357 3780 1417 3832 quo
1433 3766 1628 3819 accusativus

348 3851 534 3919 pronominis
570 3851 622 3905 rel.
658 3851 698 3903 ad
734 3851 968 3920 praecedentem
999 3851 1177 3919 genetivum
1212 3858 1265 3905 aut
1297 3853 1434 3907 dativum
1465 3854 1628 3908 attrahitur

347 3955 396 4008 pp.
415 3939 520 4009 5sqq.;
541 3944 571 3993 66
587 3940 715 3994 alterurn
728 3941 759 3992 in
773 3954 833 4007 quo
847 3940 1023 4007 anticipatio
1038 3940 1165 3993 subiecti
1178 3941 1265 4007 inest,
1285 3942 1328 3994 ita
1339 3946 1374 3995 ut
1387 3942 1444 3996 hoc
1457 3943 1628 3996 subiectum

347 4029 549 4082 transferatur
570 4029 602 4081 in
621 4029 801 4083 sententiam
830 4028 1005 4096 primariam
1032 4032 1063 4081 et
1091 4029 1201 4083 obiecti
1228 4030 1324 4083 instar
1348 4031 1435 4099 quasi
1454 4036 1628 4101 apponatur

346 4118 442 4171 verbo
462 4119 623 4186 primariae
644 4117 869 4172 enuntiationis.

446 4204 522 4260 6De
552 4207 740 4261 attractionis
770 4205 957 4275 pronominis
985 4206 1036 4259 rel.
1065 4222 1124 4260 usu
1153 4205 1330 4278 Sophocleo.
1368 4206 1540 4262 Fridericus
1558 4207 1628 4261 Die-

282 4324 285 4328 ·
347 4298 431 4364 trich,
451 4297 656 4364 Darmstadtii,
676 4297 753 4352 1813.
781 4295 813 4348 Ρ.
827 4296 852 4348 2.
872 4296 1071 4363 praefationis
1091 4296 1163 4350 dicit
1171 4297 1224 4351 D.:
1246 4299 1365 4366 „itaque
1376 4298 1546 4352 recentiore
1556 4302 1628 4351 tem·

346 4402 421 4455 pore
448 4386 585 4440 nonnulli
613 4387 670 4439 viri
701 4386 781 4440 docti
812 4385 849 4438 de
868 4399 928 4438 usu
947 4387 1135 4454 pronominis
1154 4387 1206 4442 rel.
1227 4385 1310 4455 apud
1329 4386 1466 4455 singulos
1486 4391 1628 4440 auctores

347 4476 533 4544 scripserunt
560 4473 694 4528 Isidorus
724 4473 844 4529 Krause
863 4495 880 4525 a
899 4496 915 4525 a
934 4496 951 4526 a
970 4496 986 4525 a
1006 4497 1022 4527 a
1041 4480 1072 4530 66
1097 4475 1268 4528 Richardus
1293 4474 1433 4529 Foerster
1462 4474 1509 4529 ‘de
1536 4480 1628 4528 attra-

347 4563 454 4618 ctionis
484 4564 516 4616 in
544 4578 658 4633 graeca
686 4563 793 4633 lingua
820 4578 881 4628 usu
911 4565 1123 4633 quaestionum
1150 4564 1301 4634 particula
1329 4563 1343 4615 I
1372 4563 1409 4617 de
1438 4564 1627 4617 attractionis

346 4666 405 4705 usu
423 4650 626 4722 Aeschyleo'.“
670 4651 726 4705 Hic
745 4653 839 4721 igitur
867 4654 1005 4706 consulto
1031 4653 1079 4706 vel
1099 4653 1268 4706 inconsulte
1289 4641 1481 4721 praeteriisse
1505 4652 1627 4708 videtur

345 4740 497 4795 Foerstcri
520 4741 630 4795 librum
650 4741 908 4810 maiorem'supra
928 4747 1203 4795 commemoratum.
1231 4740 1339 4795 Nonne
1352 4746 1438 4795 tanta
1452 4742 1627 4812 ignorantia
