3492 5500
882 456 1040 515 ..40-

324 645 506 707 dialecticis
540 645 680 724 dialogis
713 645 820 724 magis
845 662 925 707 usus
947 651 997 705 est
1019 662 1118 721 quam
1140 645 1176 705 in
1199 646 1340 724 dialogis
1362 646 1596 711 constructivi&
1717 676 1718 681 1

321 752 402 814 Cum
434 753 536 831 igitur
556 753 649 813 Plato
682 753 726 812 ad
756 752 967 813 scribendum
1001 752 1202 823 accessisset,
1237 760 1275 813 ιιι
1308 755 1450 814 sermoni
1482 754 1597 830 simpli·

321 860 452 920 cisslmo
484 876 525 919 ac
558 860 693 937 vulgato
716 859 851 930 studuit,
876 859 923 917 ita
945 858 1139 918 attractione
1171 859 1301 935 saepius
1327 876 1407 920 usus
1430 867 1487 919 est.
1529 861 1597 920 Nec

321 967 440 1027 mirum
474 967 562 1041 quod
597 982 636 1025 eo
666 972 812 1042 tempore
844 965 945 1025 etiam
977 965 1164 1025 difficiliora
1195 971 1230 1025 et
1251 966 1379 1026 rariora
1401 966 1597 1026 attractionis

321 1089 445 1150 genera
466 1072 609 1132 admisit.
656 1071 776 1133 Contra
798 1088 874 1133 cum
897 1072 939 1132 de
962 1073 1061 1131 rebus
1083 1072 1258 1132 abstractis
1280 1078 1379 1147 atque
1403 1073 1596 1132 absconditis

322 1179 481 1239 scriberet
503 1184 537 1238 et
559 1179 753 1256 elegantiori
776 1179 850 1238 stilo
873 1178 1081 1255 politioriqne
1104 1194 1238 1254 operam
1261 1180 1365 1250 daret,
1388 1196 1482 1239 usum
1503 1185 1597 1238 attra-

322 1286 440 1345 ctionis
462 1285 709 1363 constringebat
719 1282 742 1344 ¹.
788 1285 943 1345 Attamen
974 1301 1040 1345 non
1072 1292 1180 1362 potest
1211 1303 1255 1344 ex
1286 1286 1349 1345 bac
1371 1302 1408 1346 re
1431 1287 1471 1345 de
1493 1291 1597 1346 aetate

323 1393 526 1470 singulorum
549 1392 707 1452 librorum
730 1393 911 1468 quidquam
934 1392 1016 1452 certi
1042 1393 1206 1453 constitui.

429 1499 595 1559 Postremo
630 1499 731 1560 affero
764 1515 849 1574 quae
883 1499 963 1559 mihi
995 1500 1077 1559 haec
1107 1500 1278 1575 quaerenti
1304 1500 1499 1560 notabiliora
1523 1500 1597 1562 ..visa

324 1613 410 1681 sunt.
454 1607 504 1666 Ne
526 1622 592 1666 uno
615 1606 749 1681 quidem
776 1607 848 1665 loco
881 1606 1086 1666 attractionis
1119 1608 1282 1669 admissae
1305 1614 1434 1682 tempus
1455 1607 1597 1666 futurum

323 1714 376 1779 vel
409 1714 556 1774 futurum
587 1718 742 1773 exactum
764 1713 960 1785 continetur.
1006 1712 1151 1789 Quorum
1178 1720 1361 1790 temporum
1382 1714 1509 1773 vicaria
1530 1729 1597 1772 esse

323 1827 471 1898 tempora
493 1820 581 1880 modi
605 1818 815 1890 coniunctivi,
840 1820 897 1895 qui
920 1836 984 1879 non
1000 1836 1075 1880 raro
1091 1826 1238 1897 apparet,
1262 1819 1420 1880 concessi.
1449 1820 1596 1880 Attamen

323 1928 357 1988 in
382 1927 512 2002 scriptis
534 1927 710 2003 praecipue
734 1926 804 1987 eius
826 1926 979 2002 prosaici,
1014 1926 1107 1987 cuius
1141 1926 1300 1986 librorum
1331 1926 1477 1985 maxima
1507 1926 1598 2001 copia

323 2033 418 2094 nobis
453 2033 575 2092 tradita
608 2038 658 2091 est
691 2037 724 2091 et
757 2033 846 2109 apud
881 2048 979 2108 quem
1013 2033 1152 2092 materia
1185 2050 1269 2108 quae
1304 2033 1347 2092 ad
1379 2033 1597 2107 quaestionem

324 2139 527 2199 attractionis
561 2139 703 2216 pertinet
737 2139 1020 2199 abundantissima
1042 2145 1172 2216 praesto
1207 2145 1266 2211 est,
1300 2156 1402 2199 unum
1437 2144 1524 2199 certe
1546 2155 1598 2198 ex·

324 2246 553 2323 spectabamus
575 2247 763 2321 exemplum
787 2246 942 2336 temporis
965 2246 1079 2305 futuri.
1118 2244 1213 2321 Quod
1227 2252 1264 2305 ut
1279 2246 1314 2305 in
1329 2246 1452 2306 talibus
1474 2261 1597 2321 quoque

324 2352 602 2415 enuntiationibus
625 2367 798 2412 occurrere
821 2351 966 2428 potuisse
989 2352 1121 2422 sentias,
1144 2352 1222 2412 vide
1245 2352 1342 2412 modo
1364 2332 1486 2428 Lysiae
1506 2350 1599 2411 eall.

327 2455 368 2519 12
390 2455 420 2518 τί
439 2453 500 2537 γὰρ
522 2460 628 2526 ταῦτα,
651 2450 699 2516 ὧν
721 2450 814 2524 οὗτος
836 2454 907 2536 ἐρεῖ,
932 2453 1089 2537 διαφέρω
1118 2458 1233 2533 Neque
1265 2459 1299 2518 in
1331 2459 1403 2534 ipsa
1435 2476 1472 2518 re
1503 2459 1600 2520 ullum

325 2571 395 2626 erat
433 2565 700 2642 inpedimentum.
757 2564 892 2625 Nullum
926 2566 1029 2643 igitur
1063 2566 1250 2642 exemplum
1285 2565 1472 2625 huiusmodi
1510 2570 1601 2623 attra-

325 2672 442 2733 ctionis
465 2672 554 2748 apud
576 2671 744 2731 Platonem
768 2660 899 2731 exstare
922 2672 1001 2730 mibi
1024 2673 1122 2731 valde
1145 2673 1265 2731 mirum
1288 2671 1429 2731 videtur.

325 2827 328 2832 <
430 2780 556 2840 Deinde
579 2779 667 2855 quod
689 2780 828 2839 verbum
851 2776 927 2858 ἔχω,
963 2796 1026 2854 quo
1059 2781 1102 2839 ad
1133 2796 1228 2839 usum
1261 2779 1417 2838 cotidiani
1447 2778 1599 2838 sermonis

324 2888 492 2964 aptissimo
526 2903 639 2947 omnes
673 2887 848 2962 scriptores
883 2903 1116 2962 saepenumero
1149 2888 1201 2946 usi
1225 2892 1315 2957 sunt,
1349 2887 1448 2945 semel
1479 2892 1600 2946 tantum

324 2995 359 3054 in
394 2994 560 3053 enuntiato
595 2994 653 3053 rel.
688 2993 916 3052 attractionem
951 3009 1047 3069 passo
1081 2994 1217 3071 legitur,
1256 3009 1455 3071 magnopere
1495 2992 1599 3051 miror.

325 3099 429 3161 Iocus
453 3106 502 3160 est
524 3099 600 3176 Lys.
624 3094 688 3159 211
699 3099 736 3159 Β.
782 3099 889 3160 Semel
925 3117 1003 3159 sane
1037 3101 1072 3159 in
1107 3101 1274 3161 enuntiato
1309 3100 1368 3160 rel.
1392 3105 1532 3159 attracto
1559 3097 1600 3155 in·

325 3207 457 3268 venitur
479 3203 582 3273 otior
604 3203 680 3285 ἔχω,
704 3205 782 3267 Crit.
808 3201 870 3266 107
882 3207 918 3279 B,
943 3208 1043 3266 semel
1066 3203 1210 3285 παρέχω,
1234 3207 1301 3265 Pol.
1326 3200 1392 3265 614
1401 3206 1440 3265 Α.
1488 3205 1601 3266 Contra

326 3314 488 3389 reperitur
510 3313 647 3374 verbum
670 3310 736 3392 ἔχω
760 3331 820 3373 sex
842 3314 932 3385 locis,
957 3314 1076 3387 quibus
1098 3313 1188 3373 nulla
1211 3313 1380 3372 excusatio
1403 3309 1601 3371 attractionis

325 3421 495 3498 neglectae
517 3422 601 3481 inest
623 3422 687 3480 nisi
710 3421 816 3497 ipsum
840 3422 989 3480 verbum.
1036 3420 1113 3479 Loci
1137 3413 1212 3479 sunt
1235 3420 1333 3478 Lacb.
1359 3413 1472 3490 1191),
1498 3416 1601 3478 Alcl.

328 3522 392 3586 134
401 3527 435 3600 C,
460 3528 571 3605 Symp.
584 3523 650 3587 200
660 3527 694 3599 C,
718 3529 785 3587 Pol.
798 3522 860 3587 541
873 3528 913 3599 A,
937 3529 1058 3587 Phaed.
1074 3522 1137 3586 102
1147 3527 1181 3599 C,
1207 3526 1307 3604 Gorg.
1319 3521 1433 3597 5191),
1457 3533 1492 3585 et
1508 3522 1602 3584 semel

326 3633 460 3714 κατέχω,
483 3635 604 3695 Phaed.
631 3630 742 3694 1041).
788 3636 902 3708 Neque
936 3636 998 3694 hoc
1033 3651 1112 3694 casu
1145 3641 1178 3693 et
1210 3634 1344 3693 fortuito
1376 3634 1503 3692 factum
1537 3645 1602 3691 esse

327 3744 498 3817 existumo,
523 3761 720 3819 quamquam
744 3759 878 3802 causam
901 3743 949 3801 rei
971 3759 1037 3801 non
1061 3742 1209 3817 dispicio.

433 3851 600 3912 Postremo
623 3851 754 3910 veniam
777 3856 852 3925 peto
876 3851 919 3908 ab
943 3850 990 3909 eis
1013 3850 1069 3924 qui
1092 3851 1177 3908 hanc
1200 3848 1462 3908 dissertationem
1487 3848 1601 3923 legent,

327 3962 415 4037 quod
430 3963 518 4021 locos
531 3962 644 4023 sedulo
656 3961 820 4030 collectos,
831 3959 950 4033 quibus
963 3949 1154 4034 pronomina
1166 3953 1233 4023 οἷος
1245 3963 1277 4016 et
1293 3951 1375 4021 ὅστις
1390 3961 1427 4015 ut
1442 3951 1603 4014 adiectiva

427 4166 438 4206 ¹
456 4168 522 4224 Hoc
541 4169 730 4240 approbatur
749 4168 780 4222 id
800 4167 883 4237 quod
901 4166 1042 4221 Foerster
1060 4180 1100 4218 ex
1118 4179 1178 4218 usu
1197 4162 1385 4218 attractionis
1404 4160 1489 4231 apud
1502 4161 1603 4230 poetas

328 4265 418 4315 acute
437 4260 617 4315 coniecerat.
649 4257 817 4313 Conveniet
844 4263 947 4311 autem
975 4254 1053 4309 duas
1071 4255 1237 4308 sententias
1249 4252 1401 4307 Foersteri
1420 4249 1603 4310 adscribere;

328 4350 455 4421 primam
473 4365 503 4419 p.
522 4348 570 4404 95:
599 4362 716 4417 „neque
735 4346 767 4400 id
784 4348 902 4413 mirum,
928 4343 1077 4414 siquidem
1095 4343 1225 4412 plurima
1244 4356 1261 4395 e
1279 4346 1368 4411 parte
1391 4338 1523 4409 dialogis
1541 4348 1604 4389 con·

327 4440 463 4495 tinentur
481 4443 512 4493 et
530 4437 649 4508 volgari
662 4436 712 4491 illo
732 4435 851 4490 dicendi
870 4448 994 4505 genere,
1014 4433 1100 4486 cuius
1114 4432 1302 4502 potissimum
1316 4429 1531 4483 attractionem
1543 4436 1604 4494 pro

329 4529 426 4600 priam
449 4528 609 4584 statuimus
634 4524 797 4595 conscripti
816 4523 918 4592 sunt“;
955 4528 986 4577 et
1010 4522 1137 4576 alteram
1157 4537 1184 4590 p.
1205 4519 1270 4573 108:
1300 4517 1400 4588 „apud
1419 4516 1475 4571 hos
1496 4516 1528 4569 in
1545 4510 1604 4566 uni·

327 4633 449 4674 versum
467 4633 530 4673 non
548 4632 620 4672 rara
638 4631 705 4672 esse
724 4614 914 4669 attractionis
933 4611 1075 4682 exempla
1092 4626 1154 4666 non
1173 4609 1359 4676 mirabimur,
1388 4607 1413 4661 si
1432 4620 1503 4660 eam
1522 4612 1604 4674 prae·

328 4708 450 4781 cipuum
469 4707 568 4762 locum
587 4706 619 4759 in
638 4704 771 4778 pedestri
791 4703 929 4761 oratione
948 4701 1063 4758 babere
1082 4697 1334 4755 meminerimus“.
