3492 5500
865 463 1023 527 -12...

412 659 533 720 Enunt.
557 660 615 718 rel.
639 676 658 719 e
682 677 741 718 sex
763 676 855 719 vocc.
877 666 1014 730 constat,
1039 661 1059 719 i.
1077 678 1105 719 e.
1122 661 1323 736 pronomine,
1348 662 1494 721 subiecto
1511 679 1583 721 cum

306 767 547 837 additamentia
572 768 685 825 verbo.

307 891 407 968 Gorg.
513 885 614 950 452Α
637 888 757 950 τούτων
781 885 828 951 ῶν
852 888 998 970 ἒπήνεσεν
1022 888 1040 950 ὁ
1062 886 1098 950 τὸ
1121 887 1247 950 σκολιὸν
1269 890 1403 971 ποιήσας

306 999 485 1074 Hipparch.
511 992 607 1059 2250
636 999 700 1057 τῶν
722 999 835 1076 σοφῶν
858 995 1010 1077 ῥημάτων
1030 1022 1063 1067 ιι,
1087 992 1135 1058 ῶν
1157 996 1188 1058 οἱ
1211 995 1304 1068 δεξιοὶ
1326 996 1397 1077 περὶ
1419 995 1474 1066 τὰς
1497 997 1584 1067 δίκας

637 1101 878 1164 καλλιεποῦνται.

413 1231 532 1289 Enunt.
556 1231 613 1290 rel.
632 1231 863 1291 additamentis
879 1232 1125 1292 adverbialibus
1149 1233 1344 1307 productum
1366 1233 1472 1292 tribus
1493 1249 1583 1291 voco.

307 1337 602 1399 circumscribitur:

308 1466 420 1542 Symp.
511 1461 607 1525 2070
631 1460 750 1523 ἐκείνου
772 1485 791 1519 ιι
816 1485 835 1519 ιι
861 1485 880 1519 ιι
905 1485 925 1518 ιι
942 1456 980 1521 οὗ
1003 1458 1152 1528 πολλάκις
1175 1459 1429 1541 ὡμολογήκαμεν

306 1574 407 1650 Legg.
428 1574 483 1632 IV.
509 1568 604 1633 7220
627 1568 661 1639 ἐξ
684 1568 789 1629 αὐτῶν
812 1564 860 1629 ῶν
882 1571 938 1628 νῦν
962 1565 1155 1647 διειλέγμεθα

414 1704 567 1772 quattuor
588 1714 695 1755 voce:

307 1825 472 1899 Euthyph.
520 1817 595 1881 14E
619 1817 682 1880 ἀπὸ
704 1822 768 1879 τῶν
792 1817 911 1898 δώρων
934 1814 981 1879 ῶν
1003 1810 1079 1896 παρ’
1104 1818 1198 1897 ήμῶν
1220 1816 1434 1899 λαμβάνουσιν

308 1930 393 1991 Orat.
499 1924 600 1988 4221)
616 1922 664 1987 ῶν
687 1948 721 2005 γε
744 1929 800 1986 νῦν
824 1923 1052 2005 διεληλύθαμεν
1074 1928 1138 1985 τῶν
1161 1923 1328 2004 ὀνομάτων

308 2038 451 2112 Euthyd.
503 2030 602 2095 27811
618 2029 666 2093 ῶν
688 2037 744 2093 νῦν
768 2030 807 2112 δή
832 2031 1019 2112 ἐφοβούμην
1042 2032 1077 2091 ἓν
1099 2035 1163 2092 τῶν
1189 2030 1428 2110 καταγελάστων
1434 2053 1445 2104 ,·

372 2187 386 2216 ,,
502 2137 603 2201 281Α
619 2135 666 2201 ῶν
689 2136 892 2219 ἐλέγομεντὸ
915 2142 1043 2219 πρῶτον
1065 2142 1129 2199 τῶν
1152 2137 1287 2218 ἀγαθῶν

308 2251 429 2310 Phacd.
527 2243 601 2308 76ss
616 2244 687 2325 περὶ
709 2244 829 2306 τούτων
852 2241 900 2306 ῶν
923 2250 979 2306 νῦν
1003 2243 1041 2324 δή
1066 2243 1229 2325 tinem,-

309 2359 443 2416 Theact.
503 2352 597 2416 1710
617 2350 687 2433 περὶ
709 2349 780 2419 ἑνὸς
802 2347 841 2413 οὗ
864 2352 903 2412 ἂν
925 2349 970 2431 μή
993 2350 1094 2432 μάδη.

310 2465 377 2523 Pol.
412 2465 470 2522 III.
506 2457 604 2521 414Β
619 2463 684 2520 τῶν
694 2457 827 2539 ψευδῶν
838 2462 902 2519 τῶν
914 2454 949 2519 εὖ
962 2457 1060 2520 δέοντι
1068 2459 1254 2539 γενομένων,
1267 2455 1423 2539 ῶννῦνδή
1432 2458 1586 2540 ἐλέγομεν,

416 2589 560 2662 quinque
583 2587 768 2645 vocabulis:

311 2715 449 2774 Phaedr.
473 2707 574 2773 269Α
598 2705 645 2773 ῶν
668 2713 724 2771 νῦν
748 2706 786 2790 δή
811 2709 900 2790 ἡμεῖς
924 2679 1033 2790 διῇμεν
1055 2712 1119 2770 τῶν
1134 2707 1308 2788 παγκάλων
1323 2708 1533 2790 τεχνημάτων,

309 2823 429 2881 Phaed.
493 2817 569 2880 7οΑ
592 2817 713 2879 τούτων
734 2821 799 2878 τῶν
821 2820 934 2878 κακῶν
957 2813 1005 2878 ῶν
1028 2814 1066 2878 σι)
1089 2821 1146 2878 νῦν
1170 2815 1208 2897 δή
1234 2814 1367 2897 διήλδες.

310 2930 394 2988 Tim.
491 2922 565 2988 560
589 2924 624 2986 ἐκ
649 2922 688 3005 δή
711 2923 839 2984 πάντων
862 2919 910 2985 ῶν
932 2922 1003 3003 περὶ
1025 2921 1061 2984 τά
1086 2923 1158 3004 γένη
1181 2923 1424 3004 προειρήκαμεν,

417 3071 475 3112 sex
498 3052 685 3111 vocabulis:

309 3180 410 3256 chg.
434 3179 489 3237 IV.
516 3172 614 3236 7231)
638 3170 691 3234 ἀπ’
727 3172 855 3234 ἐκείνων
876 3197 895 3232 a
920 3198 940 3232 a
965 3197 984 3233 a
1009 3198 1028 3232 a
1049 3168 1097 3234 ὧν
1131 3172 1191 3253 οὐχ
1225 3171 1272 3241 ὡς
1305 3171 1588 3253 προοιμιαζόμενος

640 3279 722 3350 εῖττες
744 3279 819 3342 τότε.

417 3411 620 3471 Constructio
643 3412 737 3469 vorbi
762 3427 836 3469 cum
860 3410 1037 3469 infinitivo:

310 3537 386 3611 Lys.
455 3529 552 3595 2060
576 3530 641 3592 ἀντὶ
663 3531 792 3602 τούτων,
817 3528 864 3593 ῶν
887 3528 979 3600 οὗτος
1002 3530 1098 3612 λέγειν
1120 3553 1151 3591 τε
1175 3529 1228 3592 καὶ
1251 3530 1337 3611 ᾅδειν
1360 3530 1440 3610 φασί
1461 3552 1502 3591 σε.

310 3645 438 3702 Menon.
479 3636 555 3701 751)
572 3637 610 3699 δι’
635 3637 763 3699 ἐκείνων
786 3634 834 3699 ῶν
856 3638 896 3698 ἂν
918 3636 1143 3718 προσομολογῇ
1166 3635 1278 3698 εἰδέναι
1302 3636 1320 3698 ὁ
1344 3635 1558 3717 ἐρωτώμενος.

310 3751 396 3808 Prot.
454 3744 553 3808 3471]
568 3744 638 3826 περὶ
661 3745 845 3826 πράγματος
865 3769 885 3804 a
902 3740 940 3805 οὗ
965 3742 1169 3805 ἀδυνατοῦσιν
1192 3742 1352 3824 ἐξελέγξαι.

310 3857 378 3914 Pol.
402 3857 473 3915 VII.
497 3849 598 3914 526Α
621 3850 692 3932 περὶ
714 3851 835 3913 τούτων
855 3875 875 3911 a
892 3847 940 3912 ῶν
963 3850 1169 3931 διανοηθῆναι
1191 3849 1292 3930 μόνον
1315 3849 1456 3930 ἐγχωρεῖ,

310 3964 474 4040 Legg.VI.
500 3956 595 4022 7580
622 3963 686 4020 τῶν
709 3954 757 4019 ῶν
779 3958 932 4038 προσήκει
949 3955 1035 4018 πόλει
1046 3954 1128 4037 πρὸς
1139 3955 1243 4024 πόλεις
1255 3955 1350 4023 ἄλλας
1362 3954 1591 4035 ἀποκρίνεσθαί

617 4088 649 4126 τε
677 4063 731 4126 καὶ
760 4064 965 4145 ἐρωτήσασαν
992 4063 1099 4144 ἑτέρας
1127 4061 1343 4134 ἀποδέξασθαι
1371 4059 1426 4130 τὰς
1455 4061 1586 4142 αποκρί-

618 4195 680 4241 σεις
688 4172 708 4244 ¹,

417 4302 620 4362 Constructio
643 4302 738 4360 verbi
762 4318 836 4360 cum
860 4300 1049 4376 participio:
1139 4299 1144 4304 '

310 4429 379 4487 Ion.
503 4421 601 4486 536E
635 4422 706 4505 περὶ
728 4422 848 4486 τούτων
872 4419 920 4485 ῶν
935 4420 974 4484 σὺ
988 4420 1047 4504 μὲν
1061 4421 1220 4504 τυγχάνεις
1236 4420 1295 4482 οὐκ
1319 4419 1421 4491 εἰδώς,
1439 4416 1589 4500 Ὅμηρος

635 4530 669 4594 δὲ
691 4530 778 4613 λέγει.

410 4725 421 4763 1
439 4733 493 4782 τῶν
510 4727 577 4783 loco
597 4724 825 4781 demonstrativi
845 4725 978 4796 positum
996 4727 1050 4778 est.
