3492 5500
707 486 848 543 -9-

138 672 334 750 serventur),
370 676 473 747 crito,
508 676 713 751 Euthyphro,
749 675 853 751 Lysis,
890 675 1089 745 Charmides,
1125 674 1262 750 Hippias
1301 676 1416 747 minor,

137 783 270 854 Laches,
294 784 344 857 103
373 785 512 844 alterum
538 784 741 861 dialogorum
763 784 1019 852 dialecticorum,
1044 784 1099 857 qui
1116 784 1279 854 dicuntur,
1304 784 1417 857 inquo

136 907 271 950 numero
291 898 366 951 sunt
381 890 531 968 Gorgias,
548 892 652 962 Meno,
676 892 882 967 Protagoras,
906 891 1084 959 Phaedrus,
1109 889 1271 965 cratylus,
1295 892 1417 966 Euthy-

137 998 261 1067 demus
284 998 425 1068 Phaedo‚
462 998 680 1073 symposium,
714 999 926 1072 Theaetetus;
956 998 1087 1056 tertium
1122 999 1417 1057 constructivorum

136 1100 246 1176 (venia
269 1105 364 1164 detur
387 1101 572 1181 vocabulo),
585 1105 735 1163 Politiam
751 1105 835 1174 dico,
858 1105 1039 1174 Timaeum,
1057 1103 1200 1174 Critiam,
1223 1104 1416 1179 sophistem,

134 1210 316 1281 Politicum,
340 1211 577 1282 Parmenidem,
601 1211 782 1282 Philebum,
807 1211 930 1288 Leges3
967 1218 1117 1285 quartum
1146 1227 1258 1270 eorum
1290 1211 1346 1285 qui
1373 1211 1415 1269 ab

134 1318 277 1391 antiquis
300 1318 427 1375 Platoni
462 1318 544 1377 falso
579 1318 694 1378 tributi
729 1319 825 1395 longe
857 1335 879 1376 a
909 1319 1061 1395 genuinis
1083 1318 1259 1378 Platonicis
1294 1318 1416 1377 distare

133 1424 304 1495 videntur,
339 1425 505 1501 Thcagcs‚
540 1426 730 1484 Alcibiades
764 1426 889 1500 primus
924 1432 956 1484 et
990 1425 1088 1495 alter,
1130 1425 1268 1500 Hippias
1302 1425 1415 1494 maior,

133 1530 356 1606 Hipparchus,
395 1533 610 1602 Menexenus,
646 1533 855 1602 Anterastae,
891 1531 1054 1607 Clitopho,
1089 1532 1266 1607 Epinomis,
1302 1531 1415 1602 Minos,

132 1638 316 1712 Epistulae,
341 1640 490 1711 quintum
515 1656 626 1698 eorum
650 1640 706 1713 qui
730 1640 772 1697 ab
806 1640 886 1714 ipsis
915 1639 1058 1713 antiquis
1085 1638 1288 1714 suppositicii
1311 1638 1415 1696 habiti

134 1749 219 1803 sunt.
265 1745 423 1804 Ultimum
446 1752 555 1805 autem
578 1763 693 1823 genua
726 1747 812 1820 quod
846 1748 998 1821 exempla
1025 1746 1228 1805 attractionis
1251 1761 1416 1820 perpauca

132 1851 269 1925 praebet
301 1869 404 1926 caque
438 1870 521 1927 quae
554 1854 588 1912 in
619 1859 769 1912 neutram
793 1859 919 1928 partem
944 1858 1091 1928 spectent
1118 1852 1416 1926 praetermittamus

132 1956 219 2015 licet.
264 1957 328 2017 Sed
350 1977 392 2018 ne
415 1960 564 2035 pluribus
587 1961 751 2038 legentem
774 1978 891 2032 morer,
927 1967 1057 2019 transeo
1080 1959 1123 2018 ad
1153 1959 1225 2034 ipsa
1253 1959 1415 2033 exempla,

132 2079 217 2136 quae
241 2070 356 2123 contra
378 2066 560 2127 Rcisertum
583 2074 662 2142 puto
685 2068 870 2126 necessario
894 2069 955 2126 hoc
978 2068 1049 2126 loco
1075 2066 1271 2141 adponenda
1295 2073 1328 2124 et
1343 2081 1415 2142 gra·

130 2170 266 2230 vissima
289 2189 438 2247 quaeque
462 2174 630 2233 litteratim
654 2175 872 2234 describenda
895 2193 977 2235 esse.
