3492 5500
704 494 881 553 ..39-

152 686 221 745 fere
245 691 312 745 tres
334 691 445 761 partes
468 684 625 744 afliciunt.
672 684 720 744 Ao
743 685 813 744 fere
836 685 925 744 idem
948 685 1037 743 cadit
1060 685 1093 743 in
1117 684 1319 760 Sophoclem.
1357 684 1433 743 Alia

152 808 205 852 res
228 799 277 851 est
300 793 387 867 apud
403 792 603 851 Herodotum
625 792 847 867 prosaioorum
869 791 1142 866 antiquissimum,
1167 791 1223 865 qui
1246 791 1432 851 huiusmodi

152 899 344 958 attractione
378 915 456 958 usus
488 904 547 957 est.
593 898 692 958 Cuius
723 914 801 958 usus
834 898 976 968 dicendi,
1009 914 1207 972 quamquam
1238 914 1331 957 meaa
1364 915 1432 957 sen·

153 1005 273 1066 tentiae
288 1005 499 1064 vehementer
514 1006 709 1082 refragatur,
727 1013 836 1064 tamen
852 1011 958 1080 potest
974 1005 1144 1080 explicari.
1177 1005 1260 1063 Nam
1277 1005 1311 1063 in
1326 1005 1432 1080 primo

151 1112 274 1182 limine,
308 1119 345 1172 ut
378 1111 425 1170 ita
459 1113 578 1182 dicam,
613 1112 746 1189 linguae
773 1111 985 1170 increscentis
1009 1112 1117 1170 stabat
1140 1111 1333 1187 Aeschylus
1357 1117 1431 1186 post

151 1234 249 1292 quem
282 1218 466 1277 Herodotus
500 1216 673 1277 intervallo
707 1235 810 1293 paene
846 1218 1085 1294 quinquaginta
1119 1234 1278 1276 annorum
1312 1217 1431 1277 floruit.

151 1324 222 1399 Quo
256 1331 400 1401 tompore
434 1342 513 1385 usus
548 1325 750 1384 attractionis
784 1325 883 1401 longe
918 1323 1072 1401 progredi
1102 1325 1206 1400 potnit
1238 1331 1270 1383 et
1293 1341 1329 1383 re
1352 1341 1432 1383 vera

151 1448 342 1508 progressus
358 1438 417 1491 est.
452 1433 546 1491 Hanc
562 1438 671 1491 autem
686 1432 817 1508 linguae
841 1431 1052 1490 mutationem
1076 1431 1315 1507 quinquaginta
1337 1431 1431 1490 annis

151 1538 294 1612 potuisse
328 1539 398 1597 fieri
433 1556 497 1597 non
535 1538 685 1597 mirabile
720 1538 852 1596 videtur
887 1538 916 1596 ei
952 1538 1007 1612 qui
1042 1537 1229 1613 linguarum
1264 1537 1431 1596 historiam

150 1643 341 1719 inspexerit.

256 1751 383 1810 Deinde
406 1753 613 1810 accusativus
648 1752 848 1827 pronominis
872 1752 930 1810 rel.
954 1751 1144 1828 genetivum
1168 1751 1297 1826 saepius
1321 1750 1428 1809 induit

149 1874 214 1916 non
249 1858 345 1916 modo
380 1875 438 1933 pro
470 1875 604 1917 numero
637 1859 862 1933 exemplorum
889 1858 948 1916 sed
971 1858 1069 1916 etiam
1092 1873 1151 1933 pro
1174 1864 1247 1914 rata
1269 1863 1372 1931 parte,
1396 1857 1431 1914 id

150 1964 238 2038 quod
261 1964 420 2022 rationem
443 1965 563 2023 habere
587 1965 719 2023 videtur
741 1965 772 2022 ei
796 1965 869 2038 quis
893 1969 1021 2039 reputet
1048 1980 1090 2022 ne
1112 1980 1177 2022 uno
1200 1963 1333 2037 quidem
1357 1963 1428 2021 loco

149 2070 332 2145 Aeschyleo
356 2070 503 2129 dativum
526 2071 726 2146 pronominis
749 2071 867 2129 relax
891 2070 1079 2130 accusativo
1095 2076 1201 2128 ortum
1217 2069 1293 2147 legi.
1329 2068 1431 2129 Gene-

149 2176 253 2235 tivum
276 2176 378 2254 igitur
400 2178 553 2236 attractio
577 2178 667 2253 prius
690 2178 864 2252 occupavit
887 2194 985 2252 quam
1009 2176 1167 2235 dativum.

199 2328 202 2331 ,
257 2282 342 2342 Tum
365 2284 462 2358 plane
486 2284 592 2342 elucet
615 2285 841 2344 attractionem
865 2284 995 2359 saepius
1011 2300 1069 2359 pro
1085 2284 1233 2358 portione
1249 2283 1431 2341 adhibitam

151 2405 222 2447 esse
257 2389 289 2447 in
325 2390 465 2466 dialogis
499 2389 688 2449 minoribus.
755 2391 877 2466 Quodsi
920 2391 992 2465 quis
1027 2390 1174 2458 dubitet,
1208 2394 1431 2464 perscrutetur

150 2496 279 2554 tabulas
303 2502 486 2570 sequentes,
511 2512 594 2570 quaa
617 2514 730 2557 veram
753 2499 934 2573 portionem
958 2498 1125 2556 exhibent.

217 2640 220 2641 ⁷
257 2620 338 2681 Sunt
361 2623 513 2697 exempla
536 2624 739 2681 attractionis

469 2747 631 2807 admissae
1131 2747 1269 2807 omissae
1362 2736 1363 2739 ¹

148 2851 269 2911 Classis
373 2854 388 2912 Ι
508 2854 541 2912 Η
642 2854 690 2913 ΠΙ
779 2855 825 2914 IV
1000 2855 1153 2914 111
1247 2855 1295 2914 III
1383 2854 1429 2913 IV

147 2974 307 3036 Genetivo
352 2972 396 3037 42
488 2974 550 3038 147
642 2973 685 3037 95
775 2974 819 3040 42
983 2975 1022 3039 17
1114 2973 1158 3038 50
1248 2974 1292 3038 90
1384 2972 1426 3036 14

147 3082 304 3153 Dativo
358 3078 400 3143 10
511 3079 554 3143 20
644 3080 688 3144 20
800 3079 822 3145 5
1006 3081 1024 3145 7
1117 3079 1161 3144 24
1250 3079 1294 3144 20
1406 3079 1429 3143 4

307 3187 398 3285 “aa
491 3221 551 3287 7777
620 3223 684 3286 777
777 3223 819 3287 47
949 3191 1027 3286 “a
1119 3223 1161 3287 74
1231 3223 1294 3287 no
1388 3223 1428 3287 rs

253 3366 315 3426 Pro
338 3375 411 3426 rata
433 3376 526 3443 parte
550 3374 722 3444 exspectes

467 3474 630 3532 admissae
1130 3476 1269 3535 omissae

144 3578 265 3640 Classis
369 3580 385 3638 Ι
506 3580 538 3638 II
628 3581 676 3639 III
776 3581 823 3639 IV
999 3583 1015 3641 I
1120 3583 1153 3641 Π
1247 3584 1295 3642 III
1383 3584 1429 3644 IV

144 3702 304 3763 Genetiva
357 3698 400 3762 20
501 3698 545 3762 93
626 3699 689 3763 165
779 3700 822 3765 39
986 3701 1027 3765 15
1117 3702 1160 3765 49
1252 3702 1292 3766 87
1384 3703 1429 3766 20

142 3810 263 3874 Dativo
374 3804 396 3869 5
500 3807 540 3871 18
642 3807 682 3871 31
800 3810 817 3874 7
1003 3810 1024 3872 5
1117 3810 1158 3873 18
1250 3810 1290 3873 31
1408 3811 1426 3875 7

354 3949 398 4012 34
478 3950 538 4013 111
623 3951 716 4015 rac·
776 3919 840 4015 417
983 3953 1027 4015 ao
1117 3952 1158 4016 77
1231 3952 1292 4016 us
1384 3953 1425 4018 27

252 4076 377 4152 Quibus
409 4096 427 4137 e
460 4079 580 4137 tabulis
614 4082 711 4155 plane
746 4082 967 4158 intellegimus
999 4082 1153 4156 exempla
1185 4082 1427 4142 enuntiatorum

141 4185 214 4244 rell.
238 4189 460 4255 attractorum,
494 4202 692 4261 quamquam
724 4189 787 4247 loci
822 4189 1026 4247 attractionis
1050 4190 1220 4264 neglectae
1243 4191 1327 4248 bene
1351 4206 1425 4263 qua·

140 4291 250 4361 drant,
275 4297 384 4349 tamen
400 4292 497 4368 longe
513 4293 736 4366 frequentiora
751 4295 786 4351 in
803 4295 942 4370 dialogis
959 4296 1093 4370 primae,
1119 4296 1263 4365 alterius,
1289 4303 1425 4370 quartae

140 4397 268 4467 classis,
291 4398 389 4474 longe
411 4400 538 4457 minora
560 4417 695 4459 numero
719 4403 752 4459 in
776 4403 872 4460 classi
897 4403 994 4461 tertia
1009 4420 1090 4461 esse.
1120 4404 1300 4479 Praecipue
1317 4410 1426 4463 autem

140 4504 179 4562 in
212 4503 342 4580 legibus
366 4506 517 4564 attractio
541 4507 688 4592 rarescit.
733 4508 827 4566 Patet
859 4509 961 4585 igitur
983 4510 1023 4575 in,
1040 4510 1155 4586 lingua
1177 4511 1308 4587 vulgari
1331 4516 1427 4569 attra-

139 4609 283 4669 ctionem
307 4611 435 4670 radices
458 4613 523 4672 alte
547 4614 664 4691 egisse,
698 4614 786 4673 unde
820 4615 985 4691 gradatim
1016 4617 1051 4675 in
1082 4617 1230 4692 linguam
1265 4616 1426 4677 eruditam

139 4715 295 4775 diffusam
317 4731 399 4777 esse.
444 4719 528 4781 Nam
551 4721 643 4782 Plato
674 4722 805 4799 vulgari
827 4738 950 4798 genere
975 4723 1106 4782 dicendi
1130 4723 1164 4781 in
1187 4723 1363 4784 Socraticis
1386 4740 1426 4784 ao
