3492 5500
241 1380 322 1440 Cum
346 1386 421 1438 ante
441 1381 500 1438 hos
528 1380 609 1438 duos
626 1395 728 1437 annos
745 1379 911 1437 seminarii
927 1378 1152 1438 universitatis
1168 1379 1418 1438 Harvardianae

136 1487 256 1546 sodalis
290 1487 475 1546 ordinarius
511 1486 714 1544 attractionis
754 1486 788 1543 in
823 1484 1103 1544 enuntiationibus
1137 1486 1284 1544 relativis
1322 1503 1417 1544 usum

135 1594 387 1669 Thucydideum
410 1594 517 1653 iussus
540 1599 807 1668 pertractassem,
831 1593 986 1667 proposui
1009 1593 1088 1651 mihi
1112 1599 1148 1651 ut
1171 1593 1268 1652 huius
1291 1594 1417 1670 figurae

135 1701 276 1777 vestigia
310 1700 398 1775 apud
433 1706 558 1786 ceteros
593 1700 768 1775 scriptores
802 1706 980 1774 poetasque
1015 1698 1158 1759 Graecos
1192 1716 1417 1774 persequerer.

136 1808 226 1883 Quae
243 1824 342 1882 opera
358 1807 576 1881 amplissimae
592 1809 749 1866 materiae
765 1807 792 1865 si
813 1807 856 1865 ad
880 1808 1006 1866 exitum
1029 1807 1189 1882 perducta
1212 1813 1308 1876 esset,
1332 1807 1417 1865 libro

137 1931 218 1989 opus
241 1914 357 1972 fuisset
379 1915 501 1972 maiore
531 1931 629 1988 quam
653 1919 811 1988 quantum
846 1915 888 1972 de
922 1914 1108 1973 huiusmodi
1144 1915 1333 1987 quaestione
1363 1914 1417 1972 edi

136 2022 187 2079 fas
211 2026 270 2079 est.
316 2021 425 2080 Unum
461 2021 562 2096 igitur
585 2021 777 2096 scriptorem
812 2021 958 2097 eligenti,
993 2021 1137 2079 maxime
1172 2021 1310 2080 idoneus
1338 2021 1417 2078 mihi

138 2129 180 2186 ad
203 2129 288 2186 hanc
312 2145 381 2186 rem
404 2128 495 2187 visus
518 2135 568 2186 est
591 2134 706 2187 auctor
729 2128 884 2187 orationis
908 2128 1032 2187 solutae
1061 2128 1323 2204 elegantissimus
1348 2145 1418 2202 per-

137 2235 414 2308 fectissimusque,
450 2236 506 2308 qui
542 2241 649 2294 aetate
684 2236 866 2294 litterarum
899 2234 1100 2294 Graecarum
1140 2253 1238 2309 quam
1279 2236 1419 2294 dicimus

137 2357 236 2400 aurea
259 2341 368 2401 floruit
396 2347 439 2399 et.
463 2341 623 2416 imprimis
657 2342 761 2412 nobis,
798 2342 825 2400 si
849 2341 975 2401 Graece
999 2342 1142 2401 scribere
1166 2343 1326 2411 volumus,
1350 2342 1419 2400 imi·

136 2448 256 2508 tandus
291 2454 350 2508 est.
396 2449 448 2506 Ex
482 2449 685 2507 attractionis
720 2449 806 2508 enim
839 2466 902 2508 usu
925 2450 1091 2508 Platonico
1127 2455 1293 2523 tamquam
1328 2465 1432 2523 prae.

137 2555 260 2640 scripta
283 2572 322 2613 ac
345 2557 436 2632 leges
460 2557 656 2616 constituere
685 2557 873 2631 poterimus,
910 2574 953 2615 ex
988 2556 1108 2631 quibus
1143 2556 1184 2614 de
1219 2556 1419 2630 reliquorum

138 2664 331 2738 scriptorum
355 2681 417 2723 usu
440 2664 632 2724 iudicemus

242 2772 313 2831 Duo
343 2778 451 2831 autem
481 2789 603 2848 genera
632 2772 875 2832 enuntiatorum
904 2772 974 2830 rell.
1010 2771 1227 2830 discernenda
1254 2771 1418 2840 videntur,

136 2879 275 2937 alterum
299 2894 420 2949 eorum,
445 2879 479 2936 in
504 2880 622 2952 quibus
646 2878 828 2953 pronomini
853 2879 911 2937 rel.
936 2895 1053 2936 nomen
1078 2878 1121 2936 ad
1145 2877 1233 2952 quod
1256 2878 1418 2936 referatur

137 2991 193 3044 aut
216 2986 307 3045 aliud
330 2985 496 3059 quoddam
520 2986 764 3056 adminiculum,
800 3003 864 3060 quo
894 2986 988 3060 quasi
1016 2986 1150 3055 nitatur,
1186 2985 1220 3043 in
1256 2985 1418 3044 sententia

136 3093 293 3167 primaria
316 3098 467 3167 paratum
491 3098 553 3167 est;
578 3094 716 3152 alterum
741 3109 852 3152 eorum
876 3094 910 3151 in
934 3094 1053 3168 quibus
1077 3109 1255 3167 pronomen
1278 3092 1336 3150 rel.
1360 3093 1418 3149 tali

136 3199 260 3258 auxilio
295 3206 385 3259 caret
419 3205 455 3259 ut
489 3201 588 3258 etiam
622 3201 763 3260 nominis
798 3202 841 3259 ad
876 3201 964 3274 quod
988 3200 1129 3259 refertur
1151 3201 1225 3258 vice
1249 3200 1417 3275 fungatur.

135 3306 253 3365 Utrum
282 3306 384 3382 igitur
406 3307 611 3366 enuntiatum
627 3307 692 3367 rel.
716 3308 840 3366 nomini
863 3308 918 3365 vel
947 3307 1131 3381 pronomini
1165 3307 1219 3364 vel
1254 3305 1418 3364 adiectivo

136 3413 277 3471 addatur
311 3430 353 3471 an
388 3430 447 3488 per
482 3432 516 3473 66
551 3421 686 3483 constet,
723 3415 901 3473 discrimen
936 3413 1125 3472 faciendum
1159 3418 1219 3471 est.
1266 3412 1330 3471 Sed
1354 3428 1418 3486 quo

135 3519 265 3579 facilius
288 3519 342 3577 hic
365 3519 496 3579 libellus
519 3537 594 3579 cum
618 3521 752 3594 reliquis
776 3521 831 3594 qui
856 3520 898 3578 (16
921 3521 983 3577 hac
1006 3520 1196 3593 quaestione
1213 3520 1326 3594 scripti
1343 3525 1419 3578 sunt

134 3633 351 3700 comparetur,
388 3627 474 3684 addo
509 3644 613 3703 genus
647 3627 738 3702 prius
762 3627 849 3686 idem
872 3628 952 3685 mihi
976 3634 1047 3686 esse
1071 3628 1158 3701 quod
1182 3628 1299 3686 ceteris
1322 3622 1417 3685 attri-

135 3728 303 3809 buebam·
326 3735 466 3793 alterum
489 3734 577 3792 idem
600 3736 689 3809 quod
711 3730 966 3810 substantivum,
1002 3750 1104 3807 quare
1127 3735 1207 3792 mihi
1230 3735 1419 3810 ignoscetur

134 3841 162 3898 si
185 3840 266 3899 meis
290 3840 563 3915 appellationibus
586 3844 667 3902 haec
691 3844 823 3901 nomina
846 3843 977 3901 addam.
1012 3842 1095 3899 Nam
1119 3858 1230 3899 omnes
1254 3841 1310 3914 qui
1333 3842 1418 3898 hanc

134 3963 203 4005 rem
227 3953 452 4005 tractaverunt
491 3950 549 4006 has
584 3950 834 4024 appellationes,
870 3966 952 4022 quas
985 3944 1153 4006 Foerster¹
1189 3947 1313 4022 primus
1347 3964 1418 4021 pro-

134 4054 252 4128 posuit,
288 4060 534 4125 conservarunt,
574 4072 685 4114 omnes
724 4058 797 4116 dico
833 4063 963 4131 praeter
996 4056 1190 4114 Reisertum.
1242 4056 1305 4113 Hic
1339 4071 1417 4113 vero

134 4177 333 4235 quamquam
357 4162 397 4219 de
422 4177 519 4219 eare
543 4162 785 4222 benemeritus
809 4169 858 4221 est
887 4163 975 4236 quod
1009 4162 1068 4220 has
1103 4162 1338 4236 appellationes
1373 4162 1415 4219 ab

134 4267 207 4325 aliis
230 4284 403 4342 perperam
426 4272 599 4348 usurpatas
623 4284 694 4325 6666
718 4268 868 4338 ostendit,
893 4273 1003 4326 tamen
1026 4284 1092 4326 non
1109 4268 1203 4338 bene,
1227 4284 1279 4325 me
1295 4267 1415 4337 iudice,

133 4375 303 4434 enuntiata
337 4377 406 4434 rell.
436 4376 471 4434 in
505 4376 587 4433 haec
622 4390 745 4450 genera
779 4374 948 4448 disposuit.
1001 4372 1160 4432 Omnibus
1195 4374 1282 4432 enim
1316 4374 1416 4432 mani·

239 4598 306 4654 let.
332 4599 517 4654 Particulam
544 4600 558 4653 I
587 4599 625 4655 de
655 4599 846 4654 attractionis
873 4613 934 4652 usu
956 4596 1125 4668 Aeschyleo
1153 4596 1219 4667 p.4
1246 4602 1277 4651 et
1304 4597 1415 4651 librum

132 4690 279 4744 maiorem
294 4689 332 4744 de
346 4689 526 4743 attractione
537 4688 620 4759 apud
630 4692 738 4759 poetas
748 4687 883 4743 Graecos
902 4705 930 4758 p.
941 4688 984 4743 68.
1010 4686 1054 4743 Cf.
1068 4688 1159 4742 etiam
1173 4686 1415 4741 dissertationem

132 4776 204 4833 Maii
223 4795 251 4849 p.
271 4778 296 4847 5,
315 4777 494 4833 Bohlmanni
513 4794 541 4849 p.
561 4778 586 4847 2,
606 4776 736 4835 Schulzii
752 4795 783 4849 p.
804 4778 818 4831 1
839 4784 894 4832 etc.
