3492 5500
686 487 862 550 -49-

221 679 456 753 ·lntermodos
479 680 655 740 enuntiatis
679 681 749 739 rell.
773 681 937 740 adhibitos
960 681 1190 743 coniunctirus
1212 689 1302 743 certe
1318 682 1415 760 paulo

138 789 265 866 saepius
288 805 347 864 pro
370 794 443 848 rata
465 792 558 863 parte
574 794 751 862 usurpatur
768 788 857 863 spud
872 787 1041 848 Platonem
1057 806 1156 864 quam
1172 791 1261 866 apud
1276 797 1413 851 ceteros.

137 895 307 972 Optativus
341 901 451 956 autem
475 895 575 970 ‘apud
609 910 722 953 omnes
757 895 934 970 scriptores
968 910 1103 971 perraro
1131 896 1238 956 locum
1262 898 1414 958 obtinuit.

137 1003 295 1083 Exempla
318 1008 400 1083 sunt
416 1003 505 1077 apud
520 1001 712 1076 Sophoclem
734 1018 847 1074 unum,
870 1003 961 1077 apud
975 1002 1205 1078 Thucydidem
1229 1005 1302 1076 tria,
1326 1008 1415 1081 apud

137 1109 303 1169 Platonem
325 1110 400 1169 tria.

241 1218 326 1278 Tum
361 1217 637 1277 constructionem
671 1217 765 1275 verbi
800 1232 876 1275 cum
898 1216 1061 1276 infinitivo
1084 1217 1176 1277 Plato
1200 1219 1331 1295 saepius
1360 1237 1411 1279 ex·

137 1325 226 1383 hibet
248 1341 346 1399 quam
370 1324 437 1395 alii,
461 1341 502 1382 ne
526 1328 596 1383 tum
619 1324 753 1398 quidem
775 1324 927 1395 vitatum,
951 1340 1027 1384 cum
1049 1326 1189 1385 verbum
1205 1327 1415 1386 coniunctivo

136 1431 230 1490 modo
254 1431 401 1507 positum
418 1436 478 1490 est.

242 1537 306 1598 Sed
322 1554 435 1597 eorum
458 1538 718 1597 enuntiationum
742 1538 813 1597 rell.
837 1554 922 1613 quae
946 1540 1188 1599 substantivum
1216 1542 1416 1601 antecedunt

135 1661 211 1704 usus
234 1661 255 1702 a
270 1644 404 1703 Platone
427 1661 493 1703 non
516 1645 623 1721 magis
646 1645 872 1719 frequentatus
896 1652 955 1704 est.

240 1751 456 1811 Numerorum
480 1752 676 1810 documenta
699 1768 790 1812 sume
814 1769 857 1811 ex
880 1753 994 1812 tabula
1016 1753 1093 1812 hac:

276 1904 426 1959 Auctores
559 1904 693 1959 Verbum
854 1905 989 1960 Verbum
1132 1907 1308 1963 Enuntiatio
1406 1960 1408 1963 ,

492 1995 523 2047 in
542 1995 737 2049 coniunctivo
793 2009 861 2048 cum
880 1995 1029 2049 infinitivo
1102 1996 1154 2050 rel.
1174 1997 1344 2068 anteposita

241 2090 424 2165 Aeschylus
631 2086 647 2149 1
913 2087 928 2148 1
1198 2124 1243 2133 -—

242 2178 416 2254 Sophocles
628 2175 650 2237 4
1202 2179 1240 2242 11

241 2268 415 2343 Euripides

242 2357 477 2431 Aristophanes

241 2445 426 2505 Herodotus

241 2534 453 2608 Thucydides
567 2612 569 2617 Α

240 2616 405 2698 Antiphon

240 2712 428 2773 Andocides

242 2800 358 2877 Lysias
999 2863 1003 2880 ‚
1124 2817 1126 2820 ·
1202 2802 1243 2865 13

241 2890 333 2950 Pluto
890 2888 952 2951 17¹
1200 2890 1243 2955 26

241 3033 289 3092 De
311 3034 423 3092 verbis
446 3033 533 3091 inter
556 3033 798 3093 substantivum
821 3042 855 3095 et
870 3051 1049 3111 pronomen
1066 3038 1124 3097 rel.
1135 3035 1137 3038 ’
1149 3040 1328 3099 interiectis
1345 3058 1414 3117 pro·

19 3189 20 3212 y
136 3139 226 3197 xima
248 3141 361 3199 tabule
384 3145 532 3199 veterum
557 3140 752 3216 scriptorum
775 3159 870 3202 usum
894 3145 1087 3204 illustrabit:

333 3274 483 3331 Auctores
799 3279 901 3333 Verba
920 3281 1079 3334 interiecta

240 3461 425 3537 Aeschylus

242 3548 417 3625 Sophocles

240 3639 414 3715 Euripides

240 3728 483 3807 Aristophanes

239 3815 425 3877 Herodotus

239 3904 453 3982 Thucydides

238 3993 405 4071 Antiphon

238 4083 427 4145 Andocides

238 4171 355 4248 Lysias

237 4260 330 4321 Plato

131 4470 333 4524 monumentis
361 4475 433 4525 ante
460 4471 540 4525 bella
562 4471 686 4527 Persica
714 4474 787 4528 ortis
816 4476 943 4544 reperiri
962 4475 1053 4545 nulla,
1090 4477 1144 4532 sed
1173 4478 1412 4533 vetustissimum

132 4557 196 4612 eius
214 4562 322 4613 testem
336 4574 402 4614 esse
414 4557 606 4631 Aeschylum,
625 4562 657 4617 id
676 4567 794 4617 tautum
813 4564 900 4618 abest.
918 4570 952 4619 ut
971 4580 1053 4619 nunc
1069 4566 1244 4637 improbem,
1264 4572 1298 4621 ut
1321 4569 1412 4622 etiam

131 4647 232 4701 acrius
250 4647 282 4700 in
300 4647 358 4701 hac
376 4654 508 4718 perstem
527 4652 703 4707 sententia.“

237 4734 248 4771 ¹
268 4734 403 4802 Quorum
422 4753 440 4792 e
459 4753 586 4796 numero
606 4746 751 4811 quattuor
770 4744 999 4808 coniunctivum
1018 4744 1172 4800 exhibent.

1197 4834 1217 4888 4
1313 4791 1316 4794 ,
