3492 5500
668 483 845 543 »lt-

644 727 784 789 aarum
805 728 861 788 vr.
989 684 992 691 ’

468 872 680 931 Attractionis
703 870 890 930 rarissimae
913 875 1046 945 genera.

224 1000 262 1058 A.
309 998 447 1057 Dativus
473 998 506 1055 in
530 997 720 1073 genetivum
742 995 839 1054 abiit:

120 1104 218 1182 Gorg.
313 1098 415 1163 509A
440 1095 488 1162 ὧν
510 1097 575 1179 ἐγὼ
599 1096 809 1179 ἕνετετύχηκιι,
830 1114 850 1151 ιι
875 1114 909 1172 ιι,
934 1095 1037 1166 οὐδεὶς
1059 1095 1122 1159 κτλ.

119 1211 203 1271 Prot.
316 1204 415 1273 361ss
439 1200 487 1267 ὧν
509 1204 688 1288 ἐντυγχάνω
710 1202 791 1266 πολὺ
812 1202 944 1285 μάλιστα
968 1203 1087 1285 άγαμιτι
1102 1203 1145 1275 σε’,
1169 1190 1171 1195 ’

118 1318 252 1379 Theaet.
314 1311 412 1376 144A
437 1307 485 1375 ὧν
507 1311 547 1393 δὴ
570 1333 700 1374 nancte
722 1309 866 1392 ἐνέτυχον
888 1344 934 1354 -
960 1327 981 1363 4
1005 1327 1025 1363 ιι
1049 1327 1070 1363 4
1094 1327 1114 1363 ιι
1133 1344 1179 1354 -
1202 1308 1316 1372 οὐδένα
1332 1307 1394 1371 κτλ.

120 1424 185 1484 Pol.
209 1425 280 1484 VII.
315 1417 415 1483 531A
438 1419 467 1481 sl
485 1417 531 1501 μὴ
555 1417 640 1499 μάλα
661 1417 696 1499 γέ
717 1439 794 1486 τινες
817 1415 914 1498 ὀλίγοι
936 1412 984 1479 ὧν
1007 1414 1072 1497 ἐγὼ
1094 1414 1288 1497 ἐντετύχηκα.

119 1524 410 1608 opist.vl1.327A
434 1523 538 1594 οὐδεὶς
559 1542 689 1587 nonore
711 1518 759 1586 ὧν
782 1520 846 1604 ἐγὼ
868 1518 1176 1605 προσέτυχοννέων.

224 1638 332 1697 Primo
355 1638 471 1697 obtutu
505 1635 722 1712 perspicietur
756 1651 885 1710 semper
918 1636 1098 1710 composita
1118 1635 1213 1693 verbi
1235 1630 1396 1712 τυγχάνειν

120 1745 266 1804 adhibita
289 1760 369 1814 esse,
394 1748 510 1818 quater
532 1737 734 1820 ἐντυγχάνειν,
758 1742 858 1800 semel
892 1736 1143 1819 προστυγχάνειν.
1200 1741 1394 1801 Huiusmodi

120 1858 227 1910 autem
250 1851 477 1911 attractionem
499 1849 570 1907 fieri
593 1849 638 1907 nil
663 1854 713 1906 est
735 1865 795 1909 cur
816 1849 983 1906 miremur.
1041 1847 1131 1922 Quae
1154 1853 1191 1906 ut
1213 1847 1396 1906 efficeretur

120 1958 154 2015 id
177 1957 341 2016 adiuvisse
365 1956 474 2025 credo,
498 1955 585 2029 quod
601 1971 667 2014 non
683 1955 814 2014 insolita
836 1954 925 2029 apud
949 1955 1124 2029 scriptores
1135 1953 1330 2012 vetustiores
1346 1960 1396 2012 est

120 2059 310 2142 ἐντυγχάνειν
332 2054 427 2122 verbi
461 2079 536 2121 cum
570 2063 723 2139 genetivo
747 2062 943 2132 coniuncti0,
979 2062 1022 2119 cf.
1046 2061 1203 2120 Herodoti
1238 2060 1294 2121 IV.
1320 2056 1394 2134 140,

122 2169 216 2245 Soph.
240 2170 322 2229 Phil.
348 2163 444 2239 1333,
469 2176 502 2228 et
525 2186 634 2244 saepe.
680 2168 825 2228 Verbum
860 2175 970 2227 autem
992 2164 1153 2246 τυγχάνειν
1169 2185 1249 2231 ,cum
1272 2169 1395 2245 geneti-

120 2292 197 2335 vum
219 2278 283 2336 sibi
306 2278 457 2353 postulet,
487 2277 558 2336 eius
581 2277 760 2352 composita
782 2282 1038 2335 consentaneum
1061 2282 1111 2335 εει
1137 2276 1326 2353 genetivum
1342 2276 1395 2335 hic

120 2383 186 2442 illic
209 2384 374 2442 ascivisse.
421 2383 491 2458 Quo
514 2384 549 2441 in
571 2399 633 2442 usu
653 2383 831 2454 Platonico,
856 2399 932 2443 cum
953 2400 1018 2442 non
1034 2383 1168 2443 fortuito
1184 2383 1308 2442 factum
1323 2398 1394 2442 esse

119 2490 279 2562 videatur,
303 2496 523 2565 utnusquam
547 2490 637 2549 aliud
659 2491 799 2553 verbum
821 2496 1007 2566 usurpetur,
1043 2490 1203 2549 rationem
1226 2489 1395 2564 antiquam

120 2597 250 2656 dicendi
272 2597 322 2656 his
345 2597 426 2657 locis
449 2603 675 2657 conservatam
703 2612 777 2657 esse
798 2603 944 2673 praestat
977 2612 1111 2656 censere
1146 2613 1244 2672 quam
1267 2597 1395 2656 Platoni

119 2708 241 2764 tantam
255 2705 430 2765 licentiam
452 2705 607 2777 tribuere,
633 2722 653 2765 a
675 2721 741 2780 qua
764 2705 827 2777 hic,
851 2710 889 2766 ut
911 2704 999 2765 inira
1022 2705 1262 2777 demonstrabo,
1298 2704 1395 2781 longe

119 2812 295 2872 abhorruit.
341 2814 382 2871 llt
404 2814 563 2873 iudicium
584 2814 646 2872 hoc
673 2829 802 2887 quoque
825 2818 1018 2889 argumento
1041 2813 1186 2883 fulcitur,
1211 2813 1299 2887 quod
1321 2798 1395 2891 aliis

118 2917 205 2990 locis,
241 2920 361 2995 quibus
383 2922 509 2979 nullum
532 2920 719 2979 attractioni
742 2920 1012 2996 impedimentum
1039 2921 1148 2980 obstat
1169 2921 1233 2979 nisi
1256 2921 1395 2979 verbum

119 3026 276 3085 enuntiati
299 3028 368 3098 rel„
392 3028 473 3086 haec
496 3028 648 3105 neglecta
670 3033 729 3099 est,
754 3027 917 3087 cf.Parm.
933 3022 1038 3101 14ΟΒ,
1062 3027 1184 3087 Phaed.
1202 3021 1285 3099 730,
1311 3021 1394 3087 loo.

186 3147 188 3150 ·
222 3132 306 3192 Sane
346 3135 425 3208 quin
465 3136 554 3210 apud
586 3134 836 3210 Xenophontem
877 3142 910 3194 et
949 3124 1164 3194 Aeschinem¹
1210 3134 1395 3193 huiusmodi

119 3240 266 3298 attractio
290 3234 398 3300 locum
421 3243 581 3313 hahuerit,
607 3241 752 3301 dubitari
775 3243 899 3316 nequit,
923 3241 967 3299 cf.
990 3240 1075 3300 Xen.
1099 3241 1194 3300 Mem.
1211 3240 1268 3301 IV.
1286 3236 1315 3299 1.
1342 3234 1394 3311 14,

118 3336 159 3402 Il.
181 3340 213 3403 2.
236 3339 268 3416 5,
293 3345 369 3422 Cyr.
393 3346 432 3405 V.
448 3342 481 3405 4.
504 3342 558 3418 39,
583 3347 700 3407 Aesoh.
725 3341 833 3405 11.17.
882 3346 951 3421 Quo
975 3347 1009 3406 in
1032 3363 1167 3406 numero
1191 3364 1257 3407 non
1279 3347 1395 3405 haberi

117 3459 243 3527 oportet
265 3454 373 3513 locum
396 3452 603 3528 Thucydidis
626 3454 705 3513 satis
729 3454 939 3513 sollicitatum
963 3448 1114 3530 (11.2),
1139 3455 1195 3529 qui
1218 3454 1316 3513 facile
1340 3471 1395 3513 ex·

100 3559 257 3634 plicatur
280 3577 355 3620 cum
378 3552 426 3618 ὧν
449 3575 508 3635 pro
531 3556 553 3618 ά
575 3561 617 3619 ab
641 3561 810 3620 σκοποῦντι
832 3560 1005 3637 participio
1040 3563 1183 3637 pendere
1212 3562 1394 3633 statuimus,

118 3667 192 3739 quia
215 3668 365 3726 attractio
389 3659 477 3742 apud
500 3667 730 3743 Thucydidem
752 3668 897 3727 nondum
914 3669 995 3727 adeo
1012 3670 1109 3745 longe
1124 3685 1298 3746 progressa
1314 3676 1394 3727 erat.

117 3770 198 3832 Nam
221 3775 373 3834 omnibus
397 3775 431 3833 in
454 3775 553 3833 rebus
576 3791 660 3848 quac
684 3776 727 3833 ad
751 3776 978 3834 attractionem
1001 3776 1166 3851 pertinent
1181 3775 1395 3850 Thucydides

117 3879 274 3939 minorem
298 3881 396 3939 etiam
420 3882 587 3940 licentiam
610 3899 708 3956 quam
731 3882 824 3942 Plato
848 3882 911 3940 sibi
935 3882 1093 3958 permisit.

221 3988 419 4048 Addendum
443 3997 552 4049 autem
576 3991 736 4065 estquod
760 3990 912 4049 attractio
928 3991 999 4048 loco
1023 3988 1121 4047 simili
1145 3983 1270 4064 (Symp.
1285 3981 1393 4065 lats)

120 4091 267 4153 adhibita
288 4102 436 4166 nonest,
471 4096 529 4156 ubi
564 4112 742 4171 pronomen
766 4092 848 4162 ὅστις
877 4095 1063 4155 attractioni
1087 4096 1245 4154 restitisse
1280 4096 1395 4170 proba·
1423 4147 1427 4154 .

119 4200 183 4260 bile
207 4208 267 4260 est.

221 4309 258 4367 Β.
305 4309 523 4390 Accusativus
547 4324 565 4369 e
588 4310 789 4370 nominativo
812 4316 902 4369 ortus
926 4316 991 4369 ests
1043 4310 1046 4314 ’

116 4411 208 4474 Polit.
315 4397 412 4475 297Β
436 4413 496 4476 οὐκ
519 4410 579 4475 ἔστ’
604 4412 753 4476 ἀντειπεῖν
774 4412 862 4495 παρά
886 4436 921 4494 γε
942 4414 963 4475 ἃ
985 4416 1042 4475 νῦν
1065 4411 1189 4510 εἴρηται.

213 4638 389 4713 ¹Exempla
417 4640 563 4697 Kuehner
591 4640 711 4712 collegit
739 4627 895 4711 ingram.
925 4656 1028 4711 graec.
1055 4658 1083 4712 p.
1102 4641 1164 4696 914.
1207 4638 1250 4697 Cf.
1271 4633 1394 4711 quoque

116 4726 356 4786 dissertationem
376 4731 555 4787 Bohlmanni
575 4749 603 4803 p.
623 4731 658 4786 23
671 4747 713 4802 sq.
