3492 5500
701 484 878 541 *51..

146 668 589 750 111111111111111ύσιοςτῆς
612 667 823 739 ἐπεπαίδευτο,
858 671 914 730 IV.
941 665 998 743 783
1035 671 1248 747 Thucydides
1271 672 1305 730 in
1328 667 1429 750 ἀρχῆς

149 776 187 860 ἧς
197 775 284 859 ἦρξε,
297 780 323 840 Ι.
336 775 389 840 93.
402 775 439 854 3;
457 780 643 839 Andocides
656 780 690 838 in
702 779 818 838 eadem
830 779 1003 848 locutione,
1027 779 1053 837 I.
1067 773 1125 852 903
1149 779 1266 854 Lysias
1278 778 1312 837 in
1324 781 1429 856 φυγῆς

148 883 327 966 hesperos,
340 888 430 946 XIII.
445 881 502 960 743
526 886 618 945 Plato
642 879 901 963 inhonestatis
917 898 937 934 ⁴*
962 899 982 934 s
1006 899 1026 934 1
1047 880 1184 954 dodaci,
1212 891 1333 944 vexato
1356 886 1428 944 loco

149 995 342 1066 Charmidis,
367 1011 464 1069 quem
479 996 545 1053 iam
560 994 660 1053 reieci
669 990 691 1052 ¹.
715 993 834 1053 Contra
857 993 933 1068 poni
952 1000 1088 1068 possunt
1111 993 1144 1051 hi
1161 994 1224 1051 loci
1240 993 1296 1067 qui
1313 998 1428 1051 attrac-

149 1104 270 1162 tionem
295 1107 503 1178 spreverunt:
528 1101 695 1175 Euripidis
718 1100 791 1159 Hel.
817 1094 902 1158 1099
926 1094 1028 1177 λύμης
1051 1097 1090 1177 ἣν
1112 1094 1318 1177 λυμαίνομσι,
1353 1100 1427 1159 Η11.

151 1203 237 1268 1446
260 1205 388 1286 μόχθου
412 1206 449 1267 ὃν
470 1204 605 1286 μοχθῶς
630 1208 733 1266 Andr.
758 1201 823 1265 318
847 1202 1001 1284 ἁμαρτίας
1024 1204 1063 1283 ἢν
1086 1202 1275 1284 ἁμαρτάνω
1300 1208 1370 1282 Iph.
1387 1206 1426 1267 Τ.

151 1310 238 1374 1455
261 1312 361 1374 πόνου
385 1312 422 1373 ὃν
443 1310 580 1392 μοχθῶ;
603 1314 702 1373 Η111.
727 1314 763 1372 h.
786 1307 850 1371 461
878 1308 974 1391 δόξης
1007 1310 1059 1387 (=
1074 1307 1210 1388 ἕὶπίόος)
1233 1311 1273 1391 ἣν
1296 1309 1427 1388 ἒλαῑίζως

147 1423 293 1482 Platonis
317 1422 511 1496 quindecem
536 1422 608 1492 loci,
633 1438 714 1496 quos
738 1437 837 1495 supra
860 1420 983 1480 contuli
992 1415 1014 1477 ².
1062 1419 1148 1494 Quid
1163 1420 1240 1479 hiuc
1256 1420 1427 1495 sequitur?

147 1530 291 1589 Tantum
313 1531 406 1588 abest
428 1536 464 1588 ut
486 1529 648 1587 sententia
670 1524 923 1587 Kuehneriana³
957 1528 1130 1598 claudicet,
1164 1535 1201 1588 ut
1224 1529 1332 1603 potius
1355 1544 1428 1586 con·

147 1637 305 1696 firmetur.
351 1637 504 1695 Attamen
527 1636 709 1711 paullulum
743 1635 903 1693 mutanda
937 1641 986 1694 est
1021 1635 1213 1694 condicione
1249 1652 1333 1708 quae
1368 1635 1428 1694 cir·

148 1744 381 1803 cumscribitur
402 1744 452 1802 his
480 1742 592 1801 verbis
618 1759 751 1815 „ausser
785 1743 839 1801 bei
875 1743 950 1800 dem
973 1742 1133 1801 Neutrum
1168 1743 1226 1800 des
1260 1739 1425 1801 Relativs“

148 1851 288 1922 sublata,
313 1850 405 1910 cuius
428 1852 499 1909 loco
523 1850 589 1926 legi
625 1849 723 1908 debet
764 1855 915 1924 „praeter
941 1848 1101 1924 pluralem
1125 1849 1325 1923 pronominis
1348 1851 1428 1908 rela-

148 1955 240 2015 tivi.“
289 1956 342 2016 Sic
366 1958 467 2033 igitur
489 1957 702 2016 indicandum
726 1963 784 2026 est,
809 1956 898 2031 apud
922 1956 1097 2030 scriptores
1112 1956 1261 2030 optimos,
1286 1956 1428 2030 Aeschy-

148 2064 217 2123 lum
240 2065 314 2123 dico
338 2069 370 2123 11
394 2064 585 2140 Sophoclem
608 2071 641 2123 11
664 2064 855 2139 Euripidem
879 2069 912 2122 et
935 2063 1185 2143 Aristophanem
1213 2067 1245 2121 ct
1268 2063 1428 2138 imprimis

148 2171 317 2232 Platonem
340 2173 479 2248 figuram
514 2172 766 2248 etymologicam
791 2171 968 2247 singularis
991 2171 1119 2229 numeri
1153 2171 1339 2229 attractioni
1374 2171 1428 2228 ad-

149 2277 288 2337 hibitam
312 2295 375 2338 non
399 2296 480 2338 1111.

257 2385 322 2444 Sed
345 2387 507 2461 quomodo
531 2402 582 2445 res
599 2402 633 2444 se
649 2387 757 2455 habet,
783 2401 858 2443 cnm
874 2401 1053 2460 pronomen
1069 2384 1188 2459 plurali
1205 2390 1255 2442 est
1270 2383 1427 2443 numero?

150 2490 244 2566 Quod
267 2496 304 2551 ut
327 2497 416 2551 recte
440 2491 612 2563 indicetur,
637 2493 789 2566 exempla
812 2492 921 2551 omnia
944 2492 977 2550 in
1001 2492 1109 2550 medio
1133 2507 1263 2565 ponam.
1302 2492 1428 2550 Attrac·

149 2598 271 2657 tionem
305 2598 490 2658 Herodotus
524 2599 675 2658 adhibuit
710 2599 744 2657 in
779 2599 943 2658 locutione
978 2594 1062 2656 ἔπεσι
1096 2598 1160 2663 τοῖς
1187 2593 1270 2674 λέγω
1293 2597 1365 2658 VH.
1389 2592 1426 2672 33

150 2704 362 2781 Thucydides
385 2706 419 2765 in
442 2702 648 2785 ἐγκλημάτων
660 2698 708 2764 ὧν
731 2701 855 2783 ἐγκαλῶ
879 2706 904 2764 Ι.
930 2700 982 2764 72.
1010 2700 1043 2779 1;
1073 2704 1190 2780 Lysias
1213 2706 1247 2763 in
1271 2700 1427 2784 ἀδικημά-

148 2831 212 2870 των
236 2804 284 2871 ὧν
307 2808 409 2871 ἀδικῶ
432 2814 507 2874 XII.
532 2808 591 2886 823
619 2813 711 2872 Plato
735 2820 808 2871 octo
831 2813 912 2871 locis
935 2829 1016 2886 quos
1041 2827 1140 2886 supra
1162 2812 1316 2871 collectos
1340 2813 1428 2871 inve·

149 2915 249 2979 11114.
274 2920 394 2979 Tribus
409 2922 490 2979 locis
506 2921 657 2979 attractio
674 2921 797 2978 evitata
812 2926 871 2990 est,
896 2936 1033 2994 quorum
1058 2920 1185 2977 duobus
1201 2920 1285 2977 aliae
1309 2936 1428 2979 causae

150 3033 233 3097 sunt,
258 3043 318 3085 cur
340 3028 491 3086 attractio
515 3029 692 3086 omittatur.
738 3027 894 3101 Reliquus
917 3034 966 3085 est
989 3027 1080 3087 locus
1102 3026 1223 3086 Criton.
1245 3021 1334 3097 461),
1369 3028 1428 3087 ubi

149 3147 253 3208 genus
276 3135 476 3208 pronominis
499 3135 686 3193 attractioni
710 3135 915 3194 obstaculum
939 3135 1040 3193 t'uisse
1064 3134 1184 3192 iudico.
1242 3134 1428 3194 statuemus

149 3240 250 3317 igitur
272 3241 411 3317 figuram
434 3242 688 3316 etymologicam
711 3242 847 3316 pluralis
881 3241 1009 3299 numeri
1044 3240 1231 3298 attractioni
1255 3257 1320 3299 non
1344 3241 1427 3298 obsi·

150 3354 244 3417 11111,
280 3348 343 3405 nisi
367 3349 432 3405 alia
454 3364 554 3406 causa
577 3349 611 3405 in
635 3348 858 3407 enuntiatione
883 3347 940 3405 rel.
966 3346 1051 3416 insit,
1088 3362 1147 3404 cur
1182 3348 1333 3405 attractio
1362 3364 1428 3406 non

150 3455 250 3527 possit
273 3453 432 3512 adhiberi.

255 3561 362 3619 Etiam
384 3562 583 3635 pronominis
606 3553 654 3620 ὧν
677 3578 735 3637 pro
758 3558 879 3619 τούτων
901 3557 947 3619 ὅτι
969 3577 1075 3631 usum,
1099 3561 1227 3619 etiamsi
1250 3578 1271 3618 a
1293 3561 1427 3620 Platone

150 3683 280 3741 prorsus
304 3668 430 3727 alienus
453 3674 512 3737 est,
536 3675 656 3738 tamen,
681 3685 756 3727 oum
778 3668 926 3726 nonnulli
943 3669 1005 3725 viri
1023 3662 1132 3726 docti⁵
1155 3684 1230 3726 eum
1253 3677 1329 3726 ante
1350 3676 1427 3727 tem·

150 3792 208 3848 pus
248 3776 393 3834 Platonis
428 3777 568 3835 inveniri
603 3777 773 3846 affirment,
809 3793 927 3850 operae
963 3776 1104 3849 pretium
1138 3783 1188 3833 est
1223 3776 1426 3852 investigari.

151 3881 241 3955 Quod
265 3883 410 3941 breviter
425 3889 531 3966 potest
554 3884 635 3942 fieri.
681 3884 765 3942 Nam
788 3883 852 3941 loci
876 3883 964 3957 apud
988 3882 1163 3956 scriptores
1184 3883 1318 3941 Platone
1342 3892 1427 3941 aeta·

254 4104 314 4160 1Ρ.
334 4106 359 4160 6.

252 4192 482 4266 ioepmm

254 4281 326 4339 ³Cf.
346 4300 442 4355 gram.
467 4301 569 4355 graec.
590 4286 711 4350 §bom
723 4287 747 4339 9.
779 4285 881 4339 Verba
900 4291 983 4339 sunt:
1002 4286 1088 4339 Doch
1109 4285 1159 4338 die
1179 4286 1294 4339 alteren
1306 4284 1427 4340 Schrift-

148 4373 246 4427 stcller
272 4374 378 4429 ziehen
406 4375 472 4429 hier
490 4391 597 4429 ausser
615 4376 665 4429 bei
690 4376 757 4429 dem
778 4376 926 4431 Neutrum
946 4376 999 4430 des
1020 4375 1155 4429 Relativs
1174 4375 1234 4428 den
1253 4374 1427 4430 Akkusativ

148 4477 210 4516 vor.
230 4463 328 4526 Quam
353 4465 535 4518 sententiam
554 4464 750 4535 redarguisse
770 4481 803 4520 se
823 4465 919 4520 credit
938 4464 1114 4531 Bohlmann,
1135 4481 1162 4533 p.
1183 4464 1226 4518 32.

254 4550 329 4606 *ot
350 4569 400 4622 pp.
421 4553 566 4609 161136.

252 4638 502 4696 ὃ01Μ11111111·
528 4644 568 4697 ad
597 4642 718 4712 Antiph.
750 4659 778 4712 p.
798 4642 858 4711 191,
888 4641 1053 4702 Schneider
1081 4643 1121 4697 ad
1141 4642 1232 4697 isocr.
1252 4642 1300 4696 IV.
1322 4642 1381 4696 140.
1401 4642 1426 4699 9.

147 4727 314 4785 Bohlmann
333 4747 360 4801 p.
381 4731 424 4799 11,
446 4731 486 4786 18.
